<?xml version="1.0" encoding="UTF-8"?>
<!DOCTYPE html PUBLIC "-//W3C//DTD XHTML 1.0 Transitional//EN"
    "http://www.w3.org/TR/xhtml1/DTD/xhtml1-transitional.dtd">
<html xmlns="http://www.w3.org/1999/xhtml" xml:lang="en" lang="en">
 <head>
  <title>
</title>
<meta http-equiv="Content-Type" content="text/html;charset=utf-8" />
  <meta name='ocr-system' content='tesseract 3.04.00' />
  <meta name='ocr-capabilities' content='ocr_page ocr_carea ocr_par ocr_line ocrx_word'/>
</head>
<body>
  <div class='ocr_page' id='page_1' title='image "./danwyttenbachii00mahngoog_0085.png"; bbox 0 0 2632 4994; ppageno 0'>
   <div class='ocr_carea' id='block_1_1' title="bbox 595 389 812 478">
    <p class='ocr_par' dir='ltr' id='par_1_1' title="bbox 595 389 812 478">
     <span class='ocr_line' id='line_1_1' title="bbox 595 389 812 478; baseline -0.014 0"><span class='ocrx_word' id='word_1_1' title='bbox 595 460 601 478; x_wconf 80' lang='grc'><strong><em>,</em></strong></span> <span class='ocrx_word' id='word_1_2' title='bbox 685 389 812 477; x_wconf 79' lang='grc'>(66)</span> 
     </span>
    </p>
   </div>
   <div class='ocr_carea' id='block_1_2' title="bbox 355 534 1035 703">
    <p class='ocr_par' dir='ltr' id='par_1_2' title="bbox 355 534 1035 703">
     <span class='ocr_line' id='line_1_2' title="bbox 397 534 1035 611; baseline -0.008 -11"><span class='ocrx_word' id='word_1_3' title='bbox 397 545 482 600; x_wconf 73' lang='lat' dir='ltr'><em>Perre</em></span> <span class='ocrx_word' id='word_1_4' title='bbox 500 538 634 595; x_wconf 81' lang='lat' dir='ltr'><em>coelestes</em></span> <span class='ocrx_word' id='word_1_5' title='bbox 644 576 655 602; x_wconf 86' lang='lat'><em>,</em></span> <span class='ocrx_word' id='word_1_6' title='bbox 674 534 864 611; x_wconf 72' lang='lat' dir='ltr'><em>gemitusque</em></span> <span class='ocrx_word' id='word_1_7' title='bbox 885 549 914 594; x_wconf 88' lang='lat' dir='ltr'><em>et</em></span> <span class='ocrx_word' id='word_1_8' title='bbox 939 543 1035 595; x_wconf 75' lang='lat' dir='ltr'><em>trinnis</em></span> 
     </span>
     <span class='ocr_line' id='line_1_3' title="bbox 355 620 1026 703; baseline -0.015 -5"><span class='ocrx_word' id='word_1_9' title='bbox 355 650 359 655; x_wconf 86' lang='lat'>&#39;</span> <span class='ocrx_word' id='word_1_10' title='bbox 396 620 504 698; x_wconf 72' lang='lat' dir='ltr'><em>Nescii</em></span> <span class='ocrx_word' id='word_1_11' title='bbox 518 637 616 692; x_wconf 86' lang='lat' dir='ltr'><em>luctus</em></span> <span class='ocrx_word' id='word_1_12' title='bbox 627 653 640 703; x_wconf 91' lang='lat'><em>;</em></span> <span class='ocrx_word' id='word_1_13' title='bbox 658 640 723 686; x_wconf 79' lang='lat' dir='ltr'><em>tota</em></span> <span class='ocrx_word' id='word_1_14' title='bbox 740 628 814 701; x_wconf 83' lang='lat' dir='ltr'><em>dum</em></span> <span class='ocrx_word' id='word_1_15' title='bbox 835 634 927 690; x_wconf 88' lang='lat' dir='ltr'><em>citato</em></span> <span class='ocrx_word' id='word_1_16' title='bbox 1023 691 1026 697; x_wconf 64' lang='grc'><strong>,</strong></span> 
     </span>
    </p>
   </div>
   <div class='ocr_carea' id='block_1_3' title="bbox 399 729 1134 923">
    <p class='ocr_par' dir='ltr' id='par_1_3' title="bbox 399 729 1134 923">
     <span class='ocr_line' id='line_1_4' title="bbox 399 729 1134 810; baseline -0.027 -18"><span class='ocrx_word' id='word_1_17' title='bbox 399 734 473 793; x_wconf 84' lang='lat' dir='ltr'><em>Orbe</em></span> <span class='ocrx_word' id='word_1_18' title='bbox 492 734 634 810; x_wconf 79' lang='lat' dir='ltr'><em>perjuros</em></span> <span class='ocrx_word' id='word_1_19' title='bbox 655 729 741 807; x_wconf 80' lang='lat' dir='ltr'><em>ogit,</em></span> <span class='ocrx_word' id='word_1_20' title='bbox 765 738 794 784; x_wconf 91' lang='lat' dir='ltr'><em>et</em></span> <span class='ocrx_word' id='word_1_21' title='bbox 818 743 978 792; x_wconf 63' lang='lat' dir='ltr'><em>noeentum</em></span> <span class='ocrx_word' id='word_1_22' title='bbox 1050 779 1054 785; x_wconf 63' lang='grc'><em>,</em></span> <span class='ocrx_word' id='word_1_23' title='bbox 1131 760 1134 772; x_wconf 90' lang='grc'>.</span> 
     </span>
     <span class='ocr_line' id='line_1_5' title="bbox 586 822 900 923; baseline 0 -38"><span class='ocrx_word' id='word_1_24' title='bbox 586 825 728 887; x_wconf 77' lang='lat' dir='ltr'><em>Membro</em></span> <span class='ocrx_word' id='word_1_25' title='bbox 743 822 900 923; x_wconf 73' lang='lat' dir='ltr'><em>laborant.</em></span> 
     </span>
    </p>
   </div>
   <div class='ocr_carea' id='block_1_4' title="bbox 392 944 1074 1333">
    <p class='ocr_par' dir='ltr' id='par_1_4' title="bbox 392 944 1074 1235">
     <span class='ocr_line' id='line_1_6' title="bbox 395 944 921 1041; baseline 0 -20"><span class='ocrx_word' id='word_1_26' title='bbox 395 965 498 1022; x_wconf 83' lang='lat' dir='ltr'><em>Tertio</em></span> <span class='ocrx_word' id='word_1_27' title='bbox 516 944 635 1041; x_wconf 45' lang='lat' dir='ltr'><em>&#39;quodsi‘</em></span> <span class='ocrx_word' id='word_1_28' title='bbox 648 963 715 1019; x_wconf 81' lang='lat' dir='ltr'><em>vice</em></span> <span class='ocrx_word' id='word_1_29' title='bbox 730 965 802 1039; x_wconf 85' lang='lat' dir='ltr'><em>jam</em></span> <span class='ocrx_word' id='word_1_30' title='bbox 820 965 921 1021; x_wconf 83' lang='lat' dir='ltr'><em>renati</em></span> 
     </span>
     <span class='ocr_line' id='line_1_7' title="bbox 396 1058 1074 1140; baseline 0.001 -22"><span class='ocrx_word' id='word_1_31' title='bbox 396 1060 545 1138; x_wconf 83' lang='lat' dir='ltr'><em>Quipiam</em></span> <span class='ocrx_word' id='word_1_32' title='bbox 563 1061 696 1117; x_wconf 78' lang='lat' dir='ltr'><em>insontes</em></span> <span class='ocrx_word' id='word_1_33' title='bbox 713 1058 895 1140; x_wconf 78' lang='lat' dir='ltr'><em>placidique</em></span> <span class='ocrx_word' id='word_1_34' title='bbox 913 1081 1029 1139; x_wconf 84' lang='lat' dir='ltr'><em>semper</em></span> <span class='ocrx_word' id='word_1_35' title='bbox 1072 1072 1074 1079; x_wconf 83' lang='grc'>’</span> 
     </span>
     <span class='ocr_line' id='line_1_8' title="bbox 392 1155 888 1235; baseline -0.002 -19"><span class='ocrx_word' id='word_1_36' title='bbox 392 1158 432 1216; x_wconf 84' lang='lat' dir='ltr'><em>&#39;V</em></span> <span class='ocrx_word' id='word_1_37' title='bbox 427 1159 539 1215; x_wconf 68' lang='lat' dir='ltr'><em>inerint</em></span> <span class='ocrx_word' id='word_1_38' title='bbox 548 1199 560 1226; x_wconf 82' lang='lat'><em>,</em></span> <span class='ocrx_word' id='word_1_39' title='bbox 581 1157 644 1214; x_wconf 79' lang='lat' dir='ltr'><em>iltis</em></span> <span class='ocrx_word' id='word_1_40' title='bbox 662 1158 763 1235; x_wconf 83' lang='lat' dir='ltr'><em>operit</em></span> <span class='ocrx_word' id='word_1_41' title='bbox 783 1155 888 1215; x_wconf 81' lang='lat' dir='ltr'><em>beatos</em></span> 
     </span>
    </p>

    <p class='ocr_par' dir='ltr' id='par_1_5' title="bbox 486 1254 835 1333">
     <span class='ocr_line' id='line_1_9' title="bbox 486 1254 835 1333; baseline 0.009 -22"><span class='ocrx_word' id='word_1_42' title='bbox 486 1267 490 1279; x_wconf 90' lang='lat'>&#39;</span> <span class='ocrx_word' id='word_1_43' title='bbox 593 1256 716 1333; x_wconf 78' lang='lat' dir='ltr'><em>Jupiter</em></span> <span class='ocrx_word' id='word_1_44' title='bbox 733 1254 835 1315; x_wconf 78' lang='lat' dir='ltr'><em>boras.</em></span> 
     </span>
    </p>
   </div>
   <div class='ocr_carea' id='block_1_5' title="bbox 388 1378 1003 1754">
    <p class='ocr_par' dir='ltr' id='par_1_6' title="bbox 394 1378 993 1465">
     <span class='ocr_line' id='line_1_10' title="bbox 394 1378 993 1465; baseline 0 -20"><span class='ocrx_word' id='word_1_45' title='bbox 394 1391 433 1445; x_wconf 88' lang='lat' dir='ltr'><em>In</em></span> <span class='ocrx_word' id='word_1_46' title='bbox 454 1378 563 1465; x_wconf 82' lang='lat' dir='ltr'><em>quibus</em></span> <span class='ocrx_word' id='word_1_47' title='bbox 584 1386 666 1443; x_wconf 77' lang='lat' dir='ltr'><em>lenes</em></span> <span class='ocrx_word' id='word_1_48' title='bbox 689 1386 829 1464; x_wconf 76' lang='lat' dir='ltr'><em>Zephyri</em></span> <span class='ocrx_word' id='word_1_49' title='bbox 848 1389 993 1446; x_wconf 77' lang='lat' dir='ltr'><em>virentem</em></span> 
     </span>
    </p>

    <p class='ocr_par' dir='ltr' id='par_1_7' title="bbox 396 1482 1003 1563">
     <span class='ocr_line' id='line_1_11' title="bbox 396 1482 1003 1563; baseline -0.002 -21"><span class='ocrx_word' id='word_1_50' title='bbox 396 1482 536 1543; x_wconf 76' lang='lat' dir='ltr'><em>Insulam</em></span> <span class='ocrx_word' id='word_1_51' title='bbox 550 1485 689 1560; x_wconf 79' lang='lat' dir='ltr'><em>perflant</em></span> <span class='ocrx_word' id='word_1_52' title='bbox 699 1524 710 1551; x_wconf 93' lang='lat'><em>,</em></span> <span class='ocrx_word' id='word_1_53' title='bbox 732 1486 893 1561; x_wconf 76' lang='lat' dir='ltr'><em>variosque</em></span> <span class='ocrx_word' id='word_1_54' title='bbox 908 1486 1003 1563; x_wconf 88' lang='lat' dir='ltr'><em>flores</em></span> 
     </span>
    </p>

    <p class='ocr_par' dir='ltr' id='par_1_8' title="bbox 388 1578 985 1754">
     <span class='ocr_line' id='line_1_12' title="bbox 388 1578 985 1649; baseline -0.005 -12"><span class='ocrx_word' id='word_1_55' title='bbox 388 1585 539 1646; x_wconf 11' lang='lat' dir='ltr'><em>&#39;Procreat</em></span> <span class='ocrx_word' id='word_1_56' title='bbox 561 1579 670 1645; x_wconf 84' lang='lat' dir='ltr'><em>tellus,</em></span> <span class='ocrx_word' id='word_1_57' title='bbox 698 1578 757 1634; x_wconf 86' lang='lat' dir='ltr'><em>alit</em></span> <span class='ocrx_word' id='word_1_58' title='bbox 775 1579 862 1635; x_wconf 86' lang='lat' dir='ltr'><em>arbor</em></span> <span class='ocrx_word' id='word_1_59' title='bbox 871 1622 882 1649; x_wconf 85' lang='lat'><em>,</em></span> <span class='ocrx_word' id='word_1_60' title='bbox 907 1580 985 1638; x_wconf 86' lang='lat' dir='ltr'><em>udus</em></span> 
     </span>
     <span class='ocr_line' id='line_1_13' title="bbox 590 1663 840 1754; baseline 0.004 -23"><span class='ocrx_word' id='word_1_61' title='bbox 590 1663 704 1754; x_wconf 72' lang='lat' dir='ltr'><em>Irrigat</em></span> <span class='ocrx_word' id='word_1_62' title='bbox 727 1677 840 1732; x_wconf 81' lang='lat' dir='ltr'><em>amnis.</em></span> 
     </span>
    </p>
   </div>
   <div class='ocr_carea' id='block_1_6' title="bbox 392 1808 1060 2181">
    <p class='ocr_par' dir='ltr' id='par_1_9' title="bbox 394 1808 981 1884">
     <span class='ocr_line' id='line_1_14' title="bbox 394 1808 981 1884; baseline -0.005 -17"><span class='ocrx_word' id='word_1_63' title='bbox 394 1810 483 1867; x_wconf 87' lang='lat' dir='ltr'><em>Hinc</em></span> <span class='ocrx_word' id='word_1_64' title='bbox 495 1808 548 1884; x_wconf 91' lang='lat' dir='ltr'><em>pii</em></span> <span class='ocrx_word' id='word_1_65' title='bbox 564 1817 692 1866; x_wconf 89' lang='lat' dir='ltr'><em>sumunt</em></span> <span class='ocrx_word' id='word_1_66' title='bbox 714 1808 813 1884; x_wconf 83' lang='lat' dir='ltr'><em>capiti</em></span> <span class='ocrx_word' id='word_1_67' title='bbox 835 1826 960 1864; x_wconf 82' lang='lat' dir='ltr'><em>somnus</em></span> <span class='ocrx_word' id='word_1_68' title='bbox 969 1849 981 1876; x_wconf 91' lang='lat'><em>,</em></span> 
     </span>
    </p>

    <p class='ocr_par' dir='ltr' id='par_1_10' title="bbox 393 1904 1010 1985">
     <span class='ocr_line' id='line_1_15' title="bbox 393 1904 1010 1985; baseline -0.005 -19"><span class='ocrx_word' id='word_1_69' title='bbox 393 1905 541 1966; x_wconf 78' lang='lat' dir='ltr'><em>Bruobiis</em></span> <span class='ocrx_word' id='word_1_70' title='bbox 561 1916 669 1964; x_wconf 80' lang='lat' dir='ltr'><em>texunt</em></span> <span class='ocrx_word' id='word_1_71' title='bbox 688 1904 889 1985; x_wconf 84' lang='lat' dir='ltr'><em>manibusque</em></span> <span class='ocrx_word' id='word_1_72' title='bbox 905 1917 1010 1978; x_wconf 85' lang='lat' dir='ltr'><em>serta,·</em></span> 
     </span>
    </p>

    <p class='ocr_par' dir='ltr' id='par_1_11' title="bbox 392 2003 1060 2181">
     <span class='ocr_line' id='line_1_16' title="bbox 392 2003 1060 2085; baseline -0.006 -21"><span class='ocrx_word' id='word_1_73' title='bbox 392 2008 564 2085; x_wconf 79' lang='lat' dir='ltr'><em>Postquam</em></span> <span class='ocrx_word' id='word_1_74' title='bbox 581 2003 707 2062; x_wconf 84' lang='lat' dir='ltr'><em>odorata</em></span> <span class='ocrx_word' id='word_1_75' title='bbox 727 2003 970 2063; x_wconf 64' lang='lat' dir='ltr'><em>Rhadamant</em></span> <span class='ocrx_word' id='word_1_76' title='bbox 992 2005 1060 2061; x_wconf 85' lang='lat' dir='ltr'><em>illos</em></span> 
     </span>
     <span class='ocr_line' id='line_1_17' title="bbox 596 2099 832 2181; baseline 0.004 -22"><span class='ocrx_word' id='word_1_77' title='bbox 596 2099 688 2159; x_wconf 77' lang='lat' dir='ltr'><em>Valle</em></span> <span class='ocrx_word' id='word_1_78' title='bbox 712 2104 832 2181; x_wconf 85' lang='lat' dir='ltr'><em>recepit.</em></span> 
     </span>
    </p>
   </div>
   <div class='ocr_carea' id='block_1_7' title="bbox 213 2222 1298 2472">
    <p class='ocr_par' dir='ltr' id='par_1_12' title="bbox 213 2222 1298 2472">
     <span class='ocr_line' id='line_1_18' title="bbox 213 2222 1298 2363; baseline -0.003 -32"><span class='ocrx_word' id='word_1_79' title='bbox 213 2222 219 2299; x_wconf 84' lang='grc' dir='ltr'>ἶ</span> <span class='ocrx_word' id='word_1_80' title='bbox 284 2254 502 2348; x_wconf 78' lang='lat' dir='ltr'><em>Intelligitis,</em></span> <span class='ocrx_word' id='word_1_81' title='bbox 522 2253 569 2324; x_wconf 81' lang='lat' dir='ltr'><em>A.</em></span> <span class='ocrx_word' id='word_1_82' title='bbox 591 2253 659 2340; x_wconf 77' lang='lat' dir='ltr'><em>tt,</em></span> <span class='ocrx_word' id='word_1_83' title='bbox 681 2253 884 2326; x_wconf 70' lang='lat' dir='ltr'><em>Pindarum</em></span> <span class='ocrx_word' id='word_1_84' title='bbox 915 2252 962 2328; x_wconf 67' lang='lat' dir='ltr'><em>tia</em></span> <span class='ocrx_word' id='word_1_85' title='bbox 990 2253 1030 2328; x_wconf 70' lang='lat' dir='ltr'><em>tn</em></span> <span class='ocrx_word' id='word_1_86' title='bbox 1055 2256 1127 2328; x_wconf 75' lang='lat' dir='ltr'><em>hoc</em></span> <span class='ocrx_word' id='word_1_87' title='bbox 1150 2281 1263 2363; x_wconf 69' lang='lat' dir='ltr'><em>argu·</em></span> <span class='ocrx_word' id='word_1_88' title='bbox 1293 2349 1298 2361; x_wconf 21' lang='grc' dir='ltr'>Ι</span> 
     </span>
     <span class='ocr_line' id='line_1_19' title="bbox 236 2368 1261 2472; baseline 0 -25"><span class='ocrx_word' id='word_1_89' title='bbox 236 2386 363 2447; x_wconf 87' lang='lat' dir='ltr'><em>mento</em></span> <span class='ocrx_word' id='word_1_90' title='bbox 374 2381 554 2441; x_wconf 87' lang='lat' dir='ltr'><em>versatum</em></span> <span class='ocrx_word' id='word_1_91' title='bbox 569 2391 662 2455; x_wconf 86' lang='lat' dir='ltr'><em>esse,</em></span> <span class='ocrx_word' id='word_1_92' title='bbox 682 2392 762 2440; x_wconf 90' lang='lat' dir='ltr'><em>non</em></span> <span class='ocrx_word' id='word_1_93' title='bbox 779 2384 818 2450; x_wconf 88' lang='lat' dir='ltr'><em>ut</em></span> <span class='ocrx_word' id='word_1_94' title='bbox 837 2368 922 2439; x_wconf 93' lang='lat' dir='ltr'><em>illud</em></span> <span class='ocrx_word' id='word_1_95' title='bbox 941 2369 1126 2445; x_wconf 84' lang='lat' dir='ltr'><em>subtiliter</em></span> <span class='ocrx_word' id='word_1_96' title='bbox 1145 2373 1261 2472; x_wconf 54' lang='lat' dir='ltr'><em>expli*</em></span> 
     </span>
    </p>
   </div>
   <div class='ocr_carea' id='block_1_8' title="bbox 97 2480 1307 3861">
    <p class='ocr_par' dir='ltr' id='par_1_13' title="bbox 97 2480 1307 3861">
     <span class='ocr_line' id='line_1_20' title="bbox 238 2480 1262 2585; baseline 0.004 -25"><span class='ocrx_word' id='word_1_97' title='bbox 238 2500 337 2560; x_wconf 88' lang='lat' dir='ltr'><em>caret</em></span> <span class='ocrx_word' id='word_1_98' title='bbox 359 2482 582 2570; x_wconf 85' lang='lat' dir='ltr'><em>rationibus,</em></span> <span class='ocrx_word' id='word_1_99' title='bbox 599 2480 664 2553; x_wconf 87' lang='lat' dir='ltr'><em>sed</em></span> <span class='ocrx_word' id='word_1_100' title='bbox 684 2493 722 2552; x_wconf 87' lang='lat' dir='ltr'><em>ut</em></span> <span class='ocrx_word' id='word_1_101' title='bbox 746 2482 793 2553; x_wconf 90' lang='lat' dir='ltr'><em>ad</em></span> <span class='ocrx_word' id='word_1_102' title='bbox 821 2482 1013 2559; x_wconf 89' lang='lat' dir='ltr'><em>hominum</em></span> <span class='ocrx_word' id='word_1_103' title='bbox 1038 2504 1182 2585; x_wconf 81' lang='lat' dir='ltr'><em>captum</em></span> <span class='ocrx_word' id='word_1_104' title='bbox 1202 2515 1262 2563; x_wconf 90' lang='lat' dir='ltr'><em>ac·</em></span> 
     </span>
     <span class='ocr_line' id='line_1_21' title="bbox 149 2586 1295 2697; baseline 0.01 -30"><span class='ocrx_word' id='word_1_105' title='bbox 149 2648 160 2667; x_wconf 75' lang='grc'><em>,</em></span> <span class='ocrx_word' id='word_1_106' title='bbox 235 2602 505 2688; x_wconf 86' lang='lat' dir='ltr'><em>commodaret,</em></span> <span class='ocrx_word' id='word_1_107' title='bbox 537 2612 573 2672; x_wconf 90' lang='lat' dir='ltr'><em>et</em></span> <span class='ocrx_word' id='word_1_108' title='bbox 598 2597 740 2697; x_wconf 63' lang='lat' dir='ltr'><em>pottica</em></span> <span class='ocrx_word' id='word_1_109' title='bbox 775 2596 937 2670; x_wconf 77' lang='lat' dir='ltr'><em>facultate</em></span> <span class='ocrx_word' id='word_1_110' title='bbox 961 2586 1181 2693; x_wconf 58' lang='lat' dir='ltr'><em>exomaretj</em></span> <span class='ocrx_word' id='word_1_111' title='bbox 1219 2623 1263 2682; x_wconf 89' lang='lat' dir='ltr'><em>ut</em></span> <span class='ocrx_word' id='word_1_112' title='bbox 1292 2634 1295 2643; x_wconf 94' lang='lat'>·</span> 
     </span>
     <span class='ocr_line' id='line_1_22' title="bbox 146 2712 1264 2818; baseline 0.002 -22"><span class='ocrx_word' id='word_1_113' title='bbox 146 2776 151 2786; x_wconf 80' lang='lat'><strong>·</strong></span> <span class='ocrx_word' id='word_1_114' title='bbox 236 2721 328 2795; x_wconf 85' lang='lat' dir='ltr'><em>adeo</em></span> <span class='ocrx_word' id='word_1_115' title='bbox 345 2716 456 2817; x_wconf 79' lang='lat' dir='ltr'><em>magis</em></span> <span class='ocrx_word' id='word_1_116' title='bbox 469 2714 698 2804; x_wconf 86' lang='lat' dir='ltr'><em>auctoritate,</em></span> <span class='ocrx_word' id='word_1_117' title='bbox 716 2740 827 2815; x_wconf 86' lang='lat' dir='ltr'><em>quam</em></span> <span class='ocrx_word' id='word_1_118' title='bbox 840 2712 1164 2806; x_wconf 84' lang='lat' dir='ltr'><em>demonstratione,</em></span> <span class='ocrx_word' id='word_1_119' title='bbox 1182 2749 1264 2818; x_wconf 80' lang='lat' dir='ltr'><em>sen·</em></span> 
     </span>
     <span class='ocr_line' id='line_1_23' title="bbox 235 2822 1307 2937; baseline -0.005 -23"><span class='ocrx_word' id='word_1_120' title='bbox 235 2822 386 2914; x_wconf 84' lang='lat' dir='ltr'><em>tentiam</em></span> <span class='ocrx_word' id='word_1_121' title='bbox 416 2832 697 2908; x_wconf 80' lang='lat' dir='ltr'><em>immortalitatis</em></span> <span class='ocrx_word' id='word_1_122' title='bbox 721 2831 944 2908; x_wconf 84' lang='lat' dir='ltr'><em>stabiliverit.</em></span> <span class='ocrx_word' id='word_1_123' title='bbox 973 2836 1020 2910; x_wconf 84' lang='lat' dir='ltr'><em>Et</em></span> <span class='ocrx_word' id='word_1_124' title='bbox 1045 2838 1143 2937; x_wconf 88' lang='lat' dir='ltr'><em>quod</em></span> <span class='ocrx_word' id='word_1_125' title='bbox 1175 2866 1264 2914; x_wconf 87' lang='lat' dir='ltr'><em>mo-</em></span> <span class='ocrx_word' id='word_1_126' title='bbox 1299 2900 1307 2909; x_wconf 93' lang='lat'><em>.</em></span> 
     </span>
     <span class='ocr_line' id='line_1_24' title="bbox 200 2948 1261 3049; baseline 0.008 -26"><span class='ocrx_word' id='word_1_127' title='bbox 200 3011 208 3023; x_wconf 76' lang='grc'>,</span> <span class='ocrx_word' id='word_1_128' title='bbox 236 2957 403 3042; x_wconf 78' lang='lat' dir='ltr'><em>unimus,</em></span> <span class='ocrx_word' id='word_1_129' title='bbox 422 2952 615 3049; x_wconf 81' lang='lat' dir='ltr'><em>Virgilium</em></span> <span class='ocrx_word' id='word_1_130' title='bbox 638 2948 792 3049; x_wconf 87' lang='lat' dir='ltr'><em>plurima</em></span> <span class='ocrx_word' id='word_1_131' title='bbox 810 2976 856 3024; x_wconf 84' lang='lat' dir='ltr'><em>ex</em></span> <span class='ocrx_word' id='word_1_132' title='bbox 877 2950 1037 3027; x_wconf 87' lang='lat' dir='ltr'><em>Pindaro</em></span> <span class='ocrx_word' id='word_1_133' title='bbox 1061 2955 1099 3027; x_wconf 92' lang='lat' dir='ltr'><em>in</em></span> <span class='ocrx_word' id='word_1_134' title='bbox 1117 2969 1261 3033; x_wconf 87' lang='lat' dir='ltr'><em>sextum</em></span> 
     </span>
     <span class='ocr_line' id='line_1_25' title="bbox 236 3064 1258 3165; baseline -0.003 -17"><span class='ocrx_word' id='word_1_135' title='bbox 236 3071 408 3147; x_wconf 79' lang='lat' dir='ltr'><em>Aeneidis</em></span> <span class='ocrx_word' id='word_1_136' title='bbox 430 3067 561 3141; x_wconf 91' lang='lat' dir='ltr'><em>librum</em></span> <span class='ocrx_word' id='word_1_137' title='bbox 592 3064 829 3165; x_wconf 78' lang='lat' dir='ltr'><em>transtulisse,</em></span> <span class='ocrx_word' id='word_1_138' title='bbox 862 3092 977 3143; x_wconf 91' lang='lat' dir='ltr'><em>unum</em></span> <span class='ocrx_word' id='word_1_139' title='bbox 1009 3069 1125 3144; x_wconf 88' lang='lat' dir='ltr'><em>adhuc</em></span> <span class='ocrx_word' id='word_1_140' title='bbox 1154 3074 1258 3147; x_wconf 86' lang='lat' dir='ltr'><em>exhi·</em></span> 
     </span>
     <span class='ocr_line' id='line_1_26' title="bbox 140 3182 1259 3282; baseline 0.001 -19"><span class='ocrx_word' id='word_1_141' title='bbox 140 3205 144 3213; x_wconf 87' lang='lat'>&#39;</span> <span class='ocrx_word' id='word_1_142' title='bbox 235 3189 400 3262; x_wconf 88' lang='lat' dir='ltr'><em>bebimus</em></span> <span class='ocrx_word' id='word_1_143' title='bbox 421 3182 791 3282; x_wconf 79' lang='lat' dir='ltr'><em>exemplum,·e0que</em></span> <span class='ocrx_word' id='word_1_144' title='bbox 813 3183 962 3259; x_wconf 87' lang='lat' dir='ltr'><em>Pindari</em></span> <span class='ocrx_word' id='word_1_145' title='bbox 989 3213 1259 3265; x_wconf 87' lang='lat' dir='ltr'><em>commemora-</em></span> 
     </span>
     <span class='ocr_line' id='line_1_27' title="bbox 236 3301 1258 3399; baseline 0.003 -19"><span class='ocrx_word' id='word_1_146' title='bbox 236 3307 336 3381; x_wconf 86' lang='lat' dir='ltr'><em>tione</em></span> <span class='ocrx_word' id='word_1_147' title='bbox 355 3301 603 3399; x_wconf 84' lang='lat' dir='ltr'><em>delungamur.</em></span> <span class='ocrx_word' id='word_1_148' title='bbox 622 3301 742 3399; x_wconf 84' lang='lat' dir='ltr'><em>Hujus</em></span> <span class='ocrx_word' id='word_1_149' title='bbox 756 3301 864 3399; x_wconf 79' lang='lat' dir='ltr'><em>igitur</em></span> <span class='ocrx_word' id='word_1_150' title='bbox 884 3304 982 3378; x_wconf 89' lang='lat' dir='ltr'><em>locus</em></span> <span class='ocrx_word' id='word_1_151' title='bbox 1001 3304 1046 3381; x_wconf 90' lang='lat' dir='ltr'><em>de</em></span> <span class='ocrx_word' id='word_1_152' title='bbox 1065 3308 1258 3383; x_wconf 88' lang='lat' dir='ltr'><em>beatorum</em></span> 
     </span>
     <span class='ocr_line' id='line_1_28' title="bbox 97 3416 1257 3521; baseline -0.001 -22"><span class='ocrx_word' id='word_1_153' title='bbox 97 3458 103 3472; x_wconf 57' lang='lat'><strong><em>1</em></strong></span> <span class='ocrx_word' id='word_1_154' title='bbox 158 3475 161 3480; x_wconf 90' lang='lat'><em>-</em></span> <span class='ocrx_word' id='word_1_155' title='bbox 236 3420 333 3521; x_wconf 87' lang='lat' dir='ltr'><em>apud</em></span> <span class='ocrx_word' id='word_1_156' title='bbox 361 3417 494 3492; x_wconf 79' lang='lat' dir='ltr'><em>inferos</em></span> <span class='ocrx_word' id='word_1_157' title='bbox 524 3416 691 3491; x_wconf 79' lang='lat' dir='ltr'><em>felicitate</em></span> <span class='ocrx_word' id='word_1_158' title='bbox 727 3433 841 3493; x_wconf 86' lang='lat' dir='ltr'><em>exstat</em></span> <span class='ocrx_word' id='word_1_159' title='bbox 867 3421 959 3519; x_wconf 91' lang='lat' dir='ltr'><em>apud</em></span> <span class='ocrx_word' id='word_1_160' title='bbox 987 3419 1257 3501; x_wconf 70' lang='lat' dir='ltr'><em>Plutarchum:</em></span> 
     </span>
     <span class='ocr_line' id='line_1_29' title="bbox 125 3534 986 3647; baseline -0.007 -34"><span class='ocrx_word' id='word_1_161' title='bbox 125 3629 131 3641; x_wconf 27' lang='grc' dir='ltr'>ι</span> <span class='ocrx_word' id='word_1_162' title='bbox 236 3565 344 3641; x_wconf 87' lang='lat' dir='ltr'><em>quem</em></span> <span class='ocrx_word' id='word_1_163' title='bbox 369 3538 488 3613; x_wconf 87' lang='lat' dir='ltr'><em>locum</em></span> <span class='ocrx_word' id='word_1_164' title='bbox 509 3534 559 3609; x_wconf 88' lang='lat' dir='ltr'><em>ita</em></span> <span class='ocrx_word' id='word_1_165' title='bbox 579 3535 683 3608; x_wconf 87' lang='lat' dir='ltr'><em>vertit</em></span> <span class='ocrx_word' id='word_1_166' title='bbox 708 3535 900 3647; x_wconf 73' lang='lat' dir='ltr'><em>Xylander</em></span> <span class='ocrx_word' id='word_1_167' title='bbox 925 3565 933 3608; x_wconf 93' lang='lat'><strong>:</strong></span> <span class='ocrx_word' id='word_1_168' title='bbox 983 3628 986 3632; x_wconf 22' lang='lat'>¹</span> 
     </span>
     <span class='ocr_line' id='line_1_30' title="bbox 432 3685 903 3771; baseline 0.004 -23"><span class='ocrx_word' id='word_1_169' title='bbox 432 3689 544 3771; x_wconf 81' lang='lat' dir='ltr'><em>Fulget</em></span> <span class='ocrx_word' id='word_1_170' title='bbox 562 3689 626 3748; x_wconf 86' lang='lat' dir='ltr'><em>illis</em></span> <span class='ocrx_word' id='word_1_171' title='bbox 642 3685 739 3765; x_wconf 77' lang='lat' dir='ltr'><em>jubar</em></span> <span class='ocrx_word' id='word_1_172' title='bbox 755 3692 877 3750; x_wconf 66' lang='lat' dir='ltr'><em>Titanis</em></span> <span class='ocrx_word' id='word_1_173' title='bbox 891 3735 903 3761; x_wconf 87' lang='lat'><em>,</em></span> 
     </span>
     <span class='ocr_line' id='line_1_31' title="bbox 435 3787 916 3861; baseline 0.002 -17"><span class='ocrx_word' id='word_1_174' title='bbox 435 3787 511 3844; x_wconf 86' lang='lat' dir='ltr'><em>Cum</em></span> <span class='ocrx_word' id='word_1_175' title='bbox 527 3799 621 3845; x_wconf 83' lang='lat' dir='ltr'><em>terras</em></span> <span class='ocrx_word' id='word_1_176' title='bbox 641 3808 703 3846; x_wconf 73' lang='lat' dir='ltr'><em>nox</em></span> <span class='ocrx_word' id='word_1_177' title='bbox 723 3787 887 3853; x_wconf 64' lang='lat' dir='ltr'><em>,obumbrat</em></span> <span class='ocrx_word' id='word_1_178' title='bbox 907 3831 916 3861; x_wconf 87' lang='lat'><strong><em>,</em></strong></span> 
     </span>
    </p>
   </div>
   <div class='ocr_carea' id='block_1_9' title="bbox 431 3888 969 3966">
    <p class='ocr_par' dir='ltr' id='par_1_14' title="bbox 431 3888 969 3966">
     <span class='ocr_line' id='line_1_32' title="bbox 431 3888 969 3966; baseline 0.006 -23"><span class='ocrx_word' id='word_1_179' title='bbox 431 3888 590 3966; x_wconf 83' lang='lat' dir='ltr'><em>Prataque</em></span> <span class='ocrx_word' id='word_1_180' title='bbox 600 3889 746 3965; x_wconf 84' lang='lat' dir='ltr'><em>puniceis</em></span> <span class='ocrx_word' id='word_1_181' title='bbox 765 3899 876 3945; x_wconf 82' lang='lat' dir='ltr'><em>ornatu</em></span> <span class='ocrx_word' id='word_1_182' title='bbox 892 3889 969 3946; x_wconf 81' lang='lat' dir='ltr'><em>rosis</em></span> 
     </span>
    </p>
   </div>
   <div class='ocr_carea' id='block_1_10' title="bbox 429 3984 1074 4257">
    <p class='ocr_par' dir='ltr' id='par_1_15' title="bbox 429 3984 1074 4257">
     <span class='ocr_line' id='line_1_33' title="bbox 431 3984 859 4055; baseline 0.002 -12"><span class='ocrx_word' id='word_1_183' title='bbox 431 3985 549 4043; x_wconf 85' lang='lat' dir='ltr'><em>Eorum</em></span> <span class='ocrx_word' id='word_1_184' title='bbox 570 3996 643 4042; x_wconf 86' lang='lat' dir='ltr'><em>sunt</em></span> <span class='ocrx_word' id='word_1_185' title='bbox 659 3984 859 4055; x_wconf 82' lang='lat' dir='ltr'><em>suburbium,</em></span> 
     </span>
     <span class='ocr_line' id='line_1_34' title="bbox 434 4083 801 4163; baseline 0.003 -23"><span class='ocrx_word' id='word_1_186' title='bbox 434 4083 606 4163; x_wconf 68' lang='lat' dir='ltr'><em>Thunferis</em></span> <span class='ocrx_word' id='word_1_187' title='bbox 626 4083 801 4151; x_wconf 80' lang='lat' dir='ltr'><em>ardoribus,</em></span> 
     </span>
     <span class='ocr_line' id='line_1_35' title="bbox 429 4179 1074 4257; baseline -0.002 -18"><span class='ocrx_word' id='word_1_188' title='bbox 429 4183 475 4239; x_wconf 77' lang='lat' dir='ltr'><em>Ee</em></span> <span class='ocrx_word' id='word_1_189' title='bbox 491 4201 596 4239; x_wconf 86' lang='lat' dir='ltr'><em>aureos</em></span> <span class='ocrx_word' id='word_1_190' title='bbox 607 4179 780 4257; x_wconf 81' lang='lat' dir='ltr'><em>ferentibus</em></span> <span class='ocrx_word' id='word_1_191' title='bbox 788 4181 916 4257; x_wconf 75' lang='lat' dir='ltr'><em>fruetus</em></span> <span class='ocrx_word' id='word_1_192' title='bbox 934 4197 1074 4254; x_wconf 84' lang='lat' dir='ltr'><em>opacum.</em></span> 
     </span>
    </p>
   </div>
   <div class='ocr_carea' id='block_1_11' title="bbox 0 0 1320 4994">
    <p class='ocr_par' dir='ltr' id='par_1_16' title="bbox 0 0 1320 4994">
     <span class='ocr_line' id='line_1_36' title="bbox 0 0 1320 4994; baseline 0 0"><span class='ocrx_word' id='word_1_193' title='bbox 0 0 1320 4994; x_wconf 95' lang='lat' dir='ltr'><em> </em></span> 
     </span>
    </p>
   </div>
  </div>
 </body>
</html>
