2632 4994
517 388 602 511 (ιιιΙ
630 386 647 478 >

62 557 188 642 neque
214 539 399 617 audemus*
423 537 626 614 molestiam
664 536 733 613 tibi
757 534 901 630 lacere}
931 556 1088 642 propter
1123 535 1127 546 ’
1176 557 1180 567 ·

61 661 268 734 instantem·
285 674 383 732 tuam
407 655 655 731 calamitatem.

112 779 279 859 Socrates
291 768 421 850 leniter
432 769 643 859 subridens,
665 764 799 847 Hercle
810 792 823 862 ‚¹
840 774 974 876 inquit,
993 776 1088 849 dtffi*

60 885 181 966 culter
201 890 276 965 aliis
301 882 561 990 persuadeam,
584 911 646 960 me
664 887 858 962 discessum
881 890 992 963 evita
1010 916 1087 964 non

58 1013 101 1084 in
128 1008 334 1084 calamitatis
353 1007 447 1078 loco
475 1029 639 1104 ponere,
669 1001 699 1075 si
732 1028 780 1077 ne
804 1007 915 1081 uobis
939 1008 1088 1108 quidem

56 1126 129 1199 hoc
155 1121 381 1225 persuadere¹
397 1123 507 1221 potui.
538 1117 610 1193 Sed
625 1112 733 1218 age,
762 1118 956 1217 proferatis
980 1122 1088 1198 dubia

56 1234 189 1314 vestra'.
214 1241 340 1337 Neque
361 1239 459 1311 enim
479 1234 839 1334 suaviustransigere
860 1234 993 1334 possim
1008 1264 1089 1314 rec..

56 1354 198 1456 tiusque
226 1355 298 1428 hoc
327 1353 557 1455 quantulum
574 1350 665 1426 mihi
696 1366 859 1451 superest
882 1356 1090 1454 temporis}
1194 1424 1203 1442 ,

10 1544 13 1561 ,
55 1497 171 1570 qoam
202 1471 242 1545 in
271 1471 342 1555 hac
370 1467 681 1543 commentatione
713 1467 959 1567 philosophiae
977 1499 1002 1560 ‚·
1017 1489 1087 1561 ut,
1148 1524 1151 1540 ,

56 1584 366 1687 quemadmodum
390 1587 521 1686 cygni,
540 1581 722 1684 Apollinis
745 1584 871 1675 alites,
897 1586 945 1660 ita
964 1613 1031 1686 ego
1049 1608 1088 1665 et
1117 1580 1131 1615 ²

55 1703 132 1801 ipse
168 1703 349 1801 Apollinis
376 1703 571 1792 minister,
602 1702 669 1776 sub
697 1702 942 1804 philosophiae
971 1723 1085 1783 cantu
1180 1702 1186 1714 ’

25 1842 30 1853 ·
57 1844 105 1892 ex
129 1819 306 1893 haesita
322 1816 517 1894 discedam.

106 1936 165 2009 Tu
189 1963 301 2023 vero,
331 1937 447 2033 inquit
470 1935 659 2027 Simmias,
670 1938 783 2015 idem
804 1966 947 2038 semper
968 1966 1031 2028 es,
1059 1968 1085 2013 o

57 2051 256 2137 Socrates,
273 2051 411 2148 tibique
444 2052 637 2123 consentis
679 2058 801 2147 Quare
838 2053 955 2126 dicam
986 2055 1085 2155 quod
1153 2098 1156 2105 ι

57 2167 189 2241 sentio
202 2166 296 2239 Mihi
317 2165 435 2253 enim,
454 2180 491 2238 et
509 2167 661 2238 fortasse
677 2154 760 2238 tibi
759 2193 922 2267 quoque,
940 2169 1086 2246 videtur

57 2283 139 2356 fieri
167 2309 243 2356 ιιοιι
268 2282 390 2380 posse,
410 2297 457 2355 ut
483 2282 523 2355 in
557 2281 625 2355 hac
653 2283 724 2356 vita
751 2299 888 2358 certam
915 2289 1090 2386 explora-a

57 2415 208 2498 tamque
240 2397 741 2474 immortalitatis:scientiam
774 2417 822 2475 et.
848 2399 1091 2480 demonstra-1
1182 2418 1185 2425 '

55 2516 198 2592 tionem
229 2515 509 2627 consequamur.
544 2515 670 2616 Neque
696 2533 817 2594 tamen
849 2545 909 2595 eos
936 2523 1054 2620 probo
1070 2550 1088 2614 ,ι

57 2635 119 2734 qui
138 2648 253 2706 totam
277 2635 375 2705 hanc
393 2633 666 2731 quaestionem,
685 2648 872 2730 tamquam
888 2636 1089 2727 incertam:
1155 2634 1157 2638 Α

10 2734 12 2739 ,
57 2753 254 2852 negligunt.
279 2752 442 2837 Contra,
462 2749 683 2847 quicumque
697 2772 891 2845 generosae
922 2750 970 2821 ad
994 2757 1090 2828 veri-⁴

31 2861 35 2871 ⁴
57 2883 170 2941 tatem
197 2882 251 2940 est
275 2865 429 2951 indolis,
454 2887 537 2936 eum
566 2861 668 2934 decet
689 2888 772 2934 cum
801 2865 979 2963 attingere
1008 2867 1096 2944 im:

56 2979 285 3056 mortalitatis
316 2994 587 3076 argumentum,
611 2993 689 3050 tum
718 2977 801 3050 illud
829 2982 878 3053 ita
899 2986 1080 3073 tractare,

57 3114 100 3172 ut
136 3101 213 3194 ejus
245 3095 571 3169 demonstrationes
603 3094 666 3168 ah
683 3093 797 3169 aliis
787 3115 953 3176 inventas
965 3096 1083 3201 diju
1060 3125 1087 3161 ι’

13 3246 16 3255 ·
56 3216 174 3301 dicet,
197 3240 243 3289 ex
264 3212 376 3312 iisque
399 3237 502 3298 eam,
523 3236 614 3329 quae
635 3212 814 3312 proxime
826 3216 873 3290 ad
899 3218 1082 3339 verisimi-

55 3330 246 3407 litudinem
259 3329 422 3417 accedat
444 3305 578 3429 probet
585 3354 626 3403 ac
636 3345 797 3420 tueatur
814 3328 975 3435 ejusque
977 3364 1082 3436 prae·

56 3448 147 3523 sidio
165 3474 207 3523 ac
233 3447 378 3537 solatio,
400 3463 587 3550 tamquam
613 3464 713 3539 rate,
737 3452 808 3525 hoc
833 3447 1109 3552 impetuosum

56 3565 153 3640 vitae
169 3568 314 3667 pelagus
328 3567 492 3665 trajiciat.
511 3568 631 3685 Quare
644 3567 756 3642 libere
773 3582 1089 3641 mentem-meam
1184 3567 1187 3572 ’

55 3681 309 3781 tibiaperiam,
323 3678 543 3770 oSocrates,
562 3706 681 3779 neque
700 3673 945 3767 committam,
961 3698 999 3754 ut
1016 3675 1086 3755 me·
1155 3766 1157 3771 ¹

57 3811 198 3895 postea
205 3798 424 3895 poenitentia
449 3798 599 3879 subeat,-
617 3819 728 3922 quum
755 3794 983 3885 meminero,
1015 3794 1100 3869 mes

57 3929 157 3986 tuam
176 3938 252 3985 non
276 3911 505 4010 exquisivisse
529 3906 761 3995 sententiam,
780 3909 841 4009 qui
855 3912 974 4009 paucis
991 3913 1087 3986 aute¹

58 4027 198 4100 obitum
227 4028 327 4102 horis
349 4044 426 4100 tam
455 4025 630 4101 benevole
657 4029 841 4126 copiam
818 4027 874 4098 tui
889 4027 1084 4102 amicisse-

60 4140 160 4219 ceris
193 4146 322 4249 Igitur,
355 4144 451 4246 quod
482 4169 573 4244 paco
602 4159 666 4220 tua
689 4142 868 4236 dixerim,
900 4144 1084 4224 videntur

914 4290 931 4325 η
