2632 4994
512 404 645 495 (7¹)

72 556 193 649 oslstrt
203 578 215 636 ,·
243 551 297 627 Di
314 549 427 626 loni!
446 549 535 650 quid
552 549 650 622 lucri
666 565 723 622 est
738 554 885 627 emori:
912 568 976 627 aut
989 575 1097 654 quam
1150 550 1153 555 ’

71 670 185 751 multi
200 668 278 746 dies
298 669 465 766 reperiri
476 684 655 765 possunt,
672 669 823 767 quitali
844 674 943 745 nocti
956 667 1099 770 autepo-

74 801 211 865 uantur
218 788 240 856 l
259 787 320 864 cui
329 786 364 861 si
381 785 518 861 similis
522 786 661 880 sutura
675 801 732 858 est
744 786 966 882 perpetuitas
982 787 1099 860 amuis

76 904 327 1004 consequentis
351 903 544 998 temporis,
567 903 649 1002 quis
673 928 728 974 me
752 902 918 979 beatior?
933 904 1001 977 Sin
1018 927 1101 976 vera
1203 972 1206 981 .

14 1034 17 1041 '
73 1036 184 1109 suut,
206 1019 503 1120 questionum,
527 1020 780 1116 migrationem
804 1045 883 1093 esse
903 1036 1050 1095 mortem
1063 1020 1103 1092 irs

73 1163 138 1213 eas
159 1162 272 1224 oras,
291 1162 384 1237 quas
406 1139 471 1239 qui
489 1163 510 1210 a
533 1139 604 1212 otto
623 1153 885 1222 excesserunt,
911 1139 1103 1212 incolunt:

73 1259 117 1330 id
138 1254 351 1350 multo,p‘am
382 1256 520 1331 beatius
548 1274 607 1330 est
619 1315 627 1344 ‚
661 1275 723 1344 te,
755 1282 833 1330 cum
860 1256 918 1329 ab·
935 1254 1014 1342 lois,
1043 1257 1107 1356 qui
1172 1333 1204 1358 ‚-
1251 1236 1256 1245 Ι

78 1396 120 1444 se
125 1371 292 1469 pudicum
302 1379 456 1464 pumero
477 1373 609 1449 haberi
619 1374 759 1459 uolunt,
780 1373 959 1458 eraseris,
978 1373 1029 1444 ad
1043 1360 1104 1443 eos

77 1490 223 1575 eeru’m,¹
245 1493 312 1587 qui
329 1514 422 1563 *rere
453 1488 598 1585 judiees
632 1489 879 1585 appellentur,
914 1489 1107 1577 Minoem,

77 1604 391 1691 Rhadamantem,
415 1609 594 1691 Aeacum,
612 1605 888 1702 Triptolemum,
906 1606 1109 1678 convenire·

77 1747 146 1820 que
167 1746 249 1814 eos,
275 1724 342 1821 qui
361 1722 456 1816 juste
478 1740 515 1797 et
543 1749 622 1796 eum
630 1722 711 1819 fide
736 1724 899 1803 viuert'rtt.
922 1724 1025 1796 Haeo
1038 1747 1108 1818 pe·

83 1839 285 1934 regrinatr'o
300 1841 494 1914 mediocris
505 1840 600 1912 vobis
614 1843 871 1931 oideripotest?
887 1842 934 1914 Ut
948 1866 1028 1914 earo
1040 1841 1111 1916 col·

82 1953 183 2053 loqui
216 1982 296 2029 cum
314 1956 473 2058 Orpheo,
489 1960 644 2035 Musaeo
658 2018 667 2045 ,
679 1963 854 2044 Homero,
866 1958 1045 2043 Hesiodo,
1064 1957 1112 2028 li·

82 2074 182 2158 ιεἐι,
202 2075 332 2170 quanti
338 2074 480 2146 tandem
491 2077 717 2146 aestimatis?
730 2075 889 2173 equidem
899 2100 1007 2170 saepe
1022 2098 1114 2144 emo·
1177 2131 1179 2135 .

10 2170 16 2193 ¹
81 2187 138 2270 ri,
155 2188 287 2281 sifiari
302 2204 444 2284 posset,
460 2189 582 2262 vellem
597 2221 608 2277 ,·
622 2205 662 2263 ut
672 2215 739 2276 ea,
760 2217 852 2290 quoe
868 2190 968 2279 dico,
991 2191 1115 2266 liceret
1223 2278 1231 2291 ἱ

84 2302 183 2376 milri
200 2306 371 2379 r‘uaeuire.
389 2307 536 2406 Quarud
547 2308 779 2382 delectatione
790 2309 906 2381 autem
920 2308 1115 2404 adficerer,

84 2447 166 2494 cum
193 2423 451 2512 Palamedem,
478 2449 558 2499 eum
586 2426 758 2522 Apacem,
778 2451 858 2498 eum
879 2426 974 2499 olias
991 2484 999 2515 ‚
1016 2425 1116 2522 judi-

83 2540 141 2613 cio
156 2541 278 2639 miquo
289 2543 545 2617 circumventos
557 2532 792 2620 convenirem.
812 2545 1116 2619 Tentaremetiam
1178 2600 1184 2609 .

88 2658 398 2752 'ssAgamemuoms
433 2659 586 2741 Ult‘ssis,
623 2658 840 2790 Sisyphique
873 2643 1117 2754 prudeutrssam

43 2842 47 2854 .
88 2773 169 2849 Noc
183 2771 325 2849 obeam
349 2800 442 2863 rem,
462 2799 542 2848 oum
566 2774 660 2845 leaeo
685 2774 938 2870 exquirerem
955 2770 1119 2846 sicutlric

85 2886 291 2978 meleburn,
317 2894 435 2988 eapite
461 2893 669 2964 damnarer.
698 2892 795 2964 Nam
822 2897 907 2964 burn
930 2889 1012 2963 eliis
1034 2914 1120 2987 par·

87 3003 243 3083 tibus
207 3006 257 3102 pti
281 3005 441 3080 defuncti
470 2994 648 3082 beatiores
674 3023 780 3095 sunt,
801 3032 912 3106 quam
937 3006 1118 3087 viventess

36 3136 170 3197 tum
195 3122 327 3220 quod
315 3123 468 3195 interire
486 3127 561 3218 jam
580 3139 788 3223 nequount,
813 3124 877 3213 sod
899 3122 1122 3198 immortales
1176 3136 1180 3146 “

87 3252 191 3322 sunt.
219 3239 279 3314 Ne
304 3267 362 3312 vos
382 3241 583 3340 quidemst
583 3239 733 3327 '',udrces
745 3242 799 3315 hi
824 3242 888 3343 qui
912 3270 969 3316 me
998 3241 1122 3321 absol,-

93 3354 220 3442 vistis‚
241 3372 389 3430 mortem
418 3357 620 3430 timueritis.
641 3361 720 3433 Nec
737 3360 831 3437 euim
849 3360 1014 3460 cuiquam
1032 3358 1123 3431 bauo

96 3470 190 3544 mali
212 3472 403 3571 quidquam
419 3476 560 3548 euenire
579 3491 699 3569 potest
711 3488 724 3564 ,¹
746 3503 813 3551 neo
834 3479 930 3560 viro,
955 3500 1021 3546 nea
1035 3498 1144 3544 mar-v
1235 3466 1255 3481 ⁶

33 3623 37 3627 ·
94 3601 158 3661 tuo
186 3616 291 3664 :uec
315 3618 484 3693 umquam
504 3592 670 3687 asuerus
704 3621 728 3664 a
752 3593 836 3663 Diis
865 3585 1126 3660 immortalibus

98 3704 331 3801 negliguntur
356 3741 369 3782 ι
395 3736 463 3783 nea
490 3709 595 3782 mitt
608 3709 683 3797 ipsi
707 3707 775 3777 boe
803 3704 936 3777 oceidit
952 3702 1123 3800 fortuito.

97 3821 178 3895 Nae
194 3846 276 3894 raro
291 3836 358 3921 ego
375 3825 457 3914 his,
477 3853 501 3898 a
512 3822 840 3923 quibuaaaeusatus
855 3860 869 3910 ‚>
880 3838 945 3894 aut
956 3849 981 3893 a
996 3819 1124 3922 quibus

105 3937 368 4013 condemnatus
394 3966 492 4024 sum,
520 3939 633 4010 lrabeo
658 3941 754 4037 quod
780 3964 1030 4028 succenseam,
1055 3938 1130 4012 nisi

104 4056 200 4149 quod
210 4057 303 4130 mitt
314 4080 443 4135 nocere
461 4081 501 4130 se
513 4056 755 4140 crediderumt.
767 4099 811 4116 --
821 4057 897 4132 Sed
905 4071 1040 4152 tempus
1054 4072 1130 4156 est,
1217 4110 1223 4123 .

105 4164 184 4272 thtm
209 4170 294 4251 hirta
322 4172 425 4250 abira
491 4198 567 4276 mag
590 4186 629 4247 ut
655 4170 792 4257 moriar
817 4203 830 4248 :
855 4199 935 4264 ros,
960 4189 1000 4248 ut
1023 4173 1130 4252 eitam
