2632 4994
554 378 609 476 J
672 432 801 527 (22)

206 566 440 677 ⁵memorare
471 581 632 657 solebat?
667 607 757 681 quae
792 559 820 655 si
854 579 933 679 quis
966 605 1071 653 nosse
1109 582 1256 678 cupiat;

231 701 264 774 e't
294 705 367 803 ipse
391 699 574 773 satisfaciet
599 699 884 796 Suadenborgius
905 699 1016 798 spisso
1041 698 1250 784 volumine,

217 846 303 917 ,quo
325 814 565 911 posteritatem
585 815 719 887 beavit.
738 818 866 913 Neque
885 829 1010 888 tamen
1029 815 1153 886 stultus
1176 827 1256 885 erat

229 940 291 1006 aut
308 935 400 1064 ipse,
422 944 481 1002 aut
468 931 597 1002 tstulti
623 957 771 1019 omnes,
791 957 881 1030 quos
907 930 1049 1005 invenit
1073 957 1154 1003 suae
1181 929 1256 1029 opi·

203 1086 205 1090 ⁴
230 1048 347 1122 trionis
371 1062 555 1144 patronos.
583 1047 683 1143 Quid
707 1046 886 1120 tandem?
905 1050 1038 1119 Nonne
1064 1063 1167 1133 sunt,
1194 1045 1261 1149 qui

233 1165 330 1236 illam
351 1165 412 1236 diu
433 1164 617 1261 explosam
641 1146 906 1237 Chaldaeorum
922 1163 1182 1238 divinationem
1202 1189 1257 1234 re-

232 1279 367 1352 ducere
398 1296 594 1369 conantur,
618 1296 653 1353 et
679 1282 810 1354 mortis
824 1296 1042 1368 terminum
1067 1296 1103 1353 et
1133 1281 1259 1383 nescio

187 1458 189 1463 ,
230 1398 317 1497 quid
337 1411 542 1496 praeterea,
567 1422 612 1467 ex
641 1398 880 1496 horoscopi0‚
905 1413 944 1488 ut
975 1412 1133 1482 vocant,
1152 1421 1261 1494 prae

194 1542 198 1555 ·
228 1500 350 1588 dicere
374 1540 411 1586 se
432 1511 637 1583 fateantur?
657 1513 796 1605 Quibus
822 1515 993 1612 equidem
1012 1528 1132 1586 artem
1156 1538 1258 1583 suam

228 1631 428 1726 relinquo,
453 1654 522 1700 nec
552 1627 708 1700 invideo.
737 1630 818 1700 Hoc
850 1654 965 1701 unum
992 1630 1073 1701 ¹Vos
1096 1654 1258 1715 mone0,
1293 1668 1297 1675 .

229 1768 298 1827 ne,
334 1742 505 1840 quamdiu
539 1745 593 1814 bis
625 1743 859 1842 opinionibus
889 1743 1000 1815 dediti
1028 1770 1177 1830 sumus,
1207 1745 1257 1816 ita

139 1912 147 1921 .
227 1874 452 1957 magnopere
481 1859 531 1931 de
559 1860 684 1932 saeculi
713 1863 826 1933 nostri
860 1860 940 1931 luce
967 1886 1008 1931 ac
1037 1858 1254 1959 praestantia

232 1976 449 2071 gloriemur3
472 1998 590 2074 neque
612 1957 717 2050 nobis
739 1977 802 2050 soli
828 2003 954 2076 sapere
986 1973 1193 2062 videamur,
1221 1991 1259 2074 et

232 2094 397 2194 antiquos
422 2109 580 2177 temere,
606 2108 643 2164 ut
668 2093 725 2180 fit,
740 2119 864 2167 caecos
886 2095 1063 2167 Ethm'cos
1090 2092 1254 2191 appelle-

183 2189 204 2241 *
233 2200 344 2282 mus:
374 2235 415 2280 ac
442 2209 470 2279 si
497 2233 585 2278 vero
616 2207 684 2304 ipsi
711 2225 784 2282 tam
815 2226 916 2284 acute
941 2212 1158 2284 videremus.
1184 2206 1254 2285 Sed

230 2324 278 2394 ita
304 2347 425 2393 sumus
459 2347 479 2391 a
504 2326 633 2393 natura
660 2327 879 2420 comparati,
907 2342 947 2396 ut
972 2328 1075 2398 nobis
1104 2327 1169 2424 ipsi
1197 2324 1256 2397 fa-

232 2434 298 2534 cile
327 2435 469 2507 veniam
495 2437 710 2522 habeamus,
735 2438 888 2527 aliorum
918 2439 1005 2510 vitia
1032 2441 1162 2511 acerbe
1193 2467 1254 2513 re-

231 2552 500 2653 prehendamus
519 2581 526 2625 :
547 2552 660 2624 aliena
678 2553 849 2625 celeriter
874 2553 1104 2648 detegamus,
1129 2571 1255 2628 nostra

206 2692 279 2744 'ne
296 2668 483 2742 videamus
506 2669 665 2769 quidem.
686 2669 873 2742 Discamus
896 2669 1006 2767 igitur
1034 2669 1258 2744 imbecillita-
1296 2674 1306 2702 ‘

137 2775 139 2779 ¹
227 2801 303 2861 tem
320 2786 471 2859 humani
491 2785 628 2883 ingenii
649 2811 887 2882 cognoscere:
906 2786 1082 2860 discamus
1100 2803 1139 2882 et
1157 2788 1258 2861 bona

226 2920 265 2977 et
288 2904 379 2976 mala
411 2920 536 2977 nostra
564 2929 609 2976 ex
638 2929 677 2973 re
706 2918 744 2975 et
775 2931 863 2976 vero
895 2903 1094 2988 aestimare.
1130 2905 1255 2975 Num-

127 3083 131 3089 .
226 3046 334 3121 quam
352 3035 435 3093 'non
459 3023 498 3094 in
524 3020 688 3090 humano
705 3019 854 3115 ingenio
881 3020 1027 3092 virtutes
1049 3046 1130 3092 cum
1158 3019 1254 3094 vitiis

224 3141 441 3230 conjunctae
476 3147 569 3204 sunt.
606 3133 676 3206 Sed
716 3136 778 3208 hic
810 3137 984 3209 nimirum
1019 3151 1074 3208 est
1105 3136 1248 3208 fructus

223 3249 468 3348 philosophiae
490 3248 598 3348 longe
617 3250 837 3336 uberrimus,
859 3268 897 3322 ut
917 3253 1001 3322 vitia
1024 3253 1253 3340 minuamus,

219 3365 376 3451 virtutes
400 3387 606 3458 augeamus,
628 3365 846 3463 et'quotidie
869 3365 985 3462 aliqud
1006 3382 1108 3462 parte
1127 3394 1270 3467 super,

136 3531 149 3551 c
223 3481 393 3570 stitionis‚
426 3481 582 3567 erroris,
609 3481 702 3569 vitii,
731 3507 1001 3580 pravarumque
1029 3484 1249 3581 opinionum

184 3680 189 3688 ,
222 3599 436 3674 liberemur.
1091 3690 1096 3696 .

269 3698 317 3790 Et
341 3719 517 3790 hactenus
541 3715 689 3816 quidem
713 3714 757 3787 de
784 3714 983 3788 rationibus
1008 3716 1104 3789 veris
1130 3717 1248 3790 falsis-

200 3835 456 3936 ·que‚quibus
479 3834 646 3906 homines
668 3815 828 3930 primum
851 3845 979 3930 sponte
1005 3850 1043 3906 et
1068 3835 1144 3906 sine
1164 3831 1251 3905 duc-

93 3973 104 3992 ⁸
179 4028 184 4038 ¹
220 3952 318 4024 trina
351 3953 389 4022 in
426 3941 640 4048 opinionem
674 3949 952 4034 immortalitatis
982 3949 1122 4022 inducti
1148 3966 1257 4024 sunta

112 4124 142 4166 .·
221 4069 391 4138 Proximd
409 4065 566 4139 lectione
588 4062 632 4137 ad
651 4091 749 4149 eam
740 4068 959 4138 accedemus
984 4081 1128 4171 partem
1144 4062 1302 4164 ‚qua

130 4230 132 4234 -
220 4182 367 4278 deipsis
396 4184 561 4254 virorum
588 4181 850 4257 doctorumet
814 4182 1079 4283 etsapientum
1107 4183 1243 4283 placitis

220 4314 382 4399 atque
357 4294 509 4373 decretis
535 4311 744 4421 exponatur.
840 4328 845 4335 ·
