2632 4994
670 398 704 488 ’(
726 395 816 489 32)

199 560 201 567 '
225 566 409 630 nuaram
433 544 740 629 eminentiam,
766 570 857 643 quae
874 573 916 620 se
931 548 1012 646 ipsa
1035 550 1194 645 moreat,
1211 581 1258 633 ae

236 696 377 769 semper
404 677 618 740 mereatur:
640 685 732 760 quee
756 662 903 762 quidem
928 669 1107 744 sententie
1134 689 1260 770 postea

237 789 277 865 in
301 781 544 867 Platonicam,
565 793 608 852 'et
632 778 765 853 nostris
792 783 1013 883 temporibus
1035 787 1073 862 in
1104 788 1259 866 Leibni·

234 908 369 981 tienam
393 896 553 972 manavit
584 890 883 997 philosophiam:
908 901 1076 1001 quibus
1064 932 1105 980 m
1128 907 1260 985 scholis

147 1012 153 1031 '
215 1020 304 1094 'hoc
317 1027 506 1116 tatuquttm
525 1012 712 1087 decretum
729 1016 982 1119 sancitumque
1002 1028 1069 1139 est
1088 1025 1259 1103 animum
1296 1032 1308 1125 [

217 1156 375 1273 'semper
385 1134 430 1208 in
450 1132 592 1205 acteone
604 1156 679 1206 esse
690 1157 916 1235 ,numquam
929 1078 1140 1237 quiescere:
1131 1167 1315 1243 quot

228 1254 299 1329 nisi
316 1252 366 1324 ita
385 1261 495 1336 esset,
520 1270 664 1363 semper
682 1248 824 1349 quiete,
840 1254 915 1351 que
932 1255 1044 1328 semel
1058 1272 1247 1352 occupatus

228 1372 337 1460 esset,
358 1378 567 1451 teneretur,
587 1390 708 1464 neque
733 1392 896 1467 unquam
921 1368 968 1441 ed
989 1371 1172 1448 actionem
1189 1372 1251 1448 ite·

227 1514 312 1565 rum
336 1479 483 1559 excitari
501 1495 633 1580 posset.
658 1482 870 1557 Plutarchus
887 1487 926 1555 in
950 1513 994 1560 eo
1014 1486 1152 1576 libello,
1170 1491 1247 1590 ‘qu‘

226 1610 381 1680 vocetur
402 1602 552 1698 Septem
568 1595 785 1696 sapientium
805 1599 1040 1695 convivium,
1059 1592 1233 1679 Theleter
1303 1675 1309 1700 J·

227 1744 312 1792 cum
330 1713 477 1815 reliquis
496 1728 532 1786 et
550 1711 625 1785 aliis
644 1714 723 1811 ejus
747 1713 876 1788 aetatis
902 1716 1113 1792 hominibus
1136 1719 1220 1794 doct
1266 1802 1289 1820 ,Α

224 1834 320 1934 apud
336 1830 593 1920 Periandrum,
613 1829 782 1905 Corinthi
796 1846 1020 1930 tyrannum,
1037 1835 1269 1910 convivius'
1287 1829 1291 1858 ²

224 1952 411 2027 celebrare
432 1975 478 2025 ec
497 1946 674 2023 disserere
696 1947 794 2024 lacit.
817 1954 860 2024 ln
878 1950 934 2026 his
954 1951 1061 2026 etiam
1074 1968 1125 2026 est
1141 1954 1220 2026 Ans
1240 1938 1263 2013 J‘,

222 2069 356 2160 choreis
391 2068 553 2169 Scytha,
587 2064 649 2164 qui
682 2065 779 2138 haud
810 2066 939 2144 inscite
969 2069 1131 2142 Thaletis
1165 2094 1215 2169 op
1263 2104 1272 2165 .·'

217 2188 375 2262 trionem
390 2183 546 2279 explicet
557 2236 566 2266 ,
578 2194 617 2251 ut
635 2180 764 2254 animis
776 2184 971 2259 hominum
982 2186 1117 2286 duplex
1128 2201 1228 2263 motu

219 2304 423 2383 tribuetur,
443 2297 538 2368 alter
556 2296 731 2369 naturalis
754 2312 790 2369 et
808 2301 997 2398 proprius,
1022 2304 1111 2378 alter
1129 2303 1235 2379 eDet
1267 2360 1271 2379 .

211 2414 426 2518 profectus,
446 2410 508 2510 qui
526 2410 649 2482 animo
668 2414 808 2508 saepius
826 2411 986 2487 humano
1012 2433 1139 2491 utatur
1154 2436 1247 2499 tame
1260 2420 1286 2461 '

216 2546 329 2633 quem
352 2526 485 2602 artifex
499 2526 757 2600 instrumento.
779 2525 852 2600 Sed
872 2529 947 2628 ipsa
964 2531 1065 2604 vobis
1083 2534 1261 2613 reseram·
1308 2552 1314 2563 '

216 2646 399 2726 Plutarchi
421 2645 562 2719 verbe:
592 2675 610 2709 e
636 2645 729 2717 Post
748 2643 840 2717 haee
861 2647 1092 2728 Anacharsis
1112 2653 1165 2725 ita
1188 2655 1242 2729 Io·
1278 2730 1281 2735 ,

217 2783 360 2843 cutus:
394 2764 483 2838 Cum
515 2777 610 2834 recte
639 2762 796 2834 senserit
822 2763 980 2852 Thales,
1006 2768 1046 2841 ia
1075 2773 1240 2847 omnibus
1277 2824 1282 2833 -

207 2880 416 2986 praecz'puis
442 2877 572 2954 mundi
593 2878 758 2976 partibus
788 2906 833 2954 ac
866 2885 1040 2958 maximis
1074 2887 1239 2962 animam
1288 2898 1296 2984 .'

212 3026 319 3076 esse:
351 3023 423 3071 non
451 3011 508 3068 est
536 2994 765 3084 mirandam,
790 2998 1044 3096 pulcherrima
1074 3028 1236 3105 quaeque

186 3117 331 3202 ⁴divino
358 3130 446 3188 natu
472 3111 578 3204 effici.
602 3115 650 3185 Ut
675 3113 771 3186 enim
795 3139 925 3215 corpus
952 3134 1010 3193 est
1032 3120 1150 3195 animi
1169 3121 1254 3195 ia·'
1277 3120 1299 3218 '3

212 3246 470 3316 strumentum,
495 3228 546 3302 ita
577 3227 733 3302 vicissim
761 3233 905 3305 animus
938 3252 1061 3308 noster
1088 3239 1232 3313 rastru—

210 3366 368 3424 mentam
393 3348 469 3420 Dei
487 3361 553 3420 est.
577 3347 629 3419 Et
651 3346 749 3418 sicut
769 3374 898 3446 corpus
919 3375 968 3422 ea
990 3378 1029 3424 se
1056 3367 1092 3426 et
1104 3379 1176 3449 per
1192 3379 1234 3427 se
1293 3448 1297 3453 Ι

210 3470 325 3562 iusum
342 3461 553 3562 saepissime
572 3474 750 3557 moretur,
768 3462 880 3535 malta
904 3491 985 3539 aera
1000 3468 1129 3562 plures
1152 3495 1234 3541 me·
1247 3454 1290 3561 g'

170 3601 173 3609 '
209 3584 384 3681 lioresqae
398 3595 516 3653 manes
532 3576 578 3649 ab
596 3579 718 3651 anztno
730 3580 864 3675 accepit
879 3609 891 3650 .·
907 3583 959 3654 ita
980 3585 1133 3657 vicissim
1150 3587 1231 3660 ani·

207 3727 286 3773 mus
317 3711 439 3768 nester
468 3695 725 3791 utplurimum
758 3719 798 3766 se
825 3697 900 3789 ipse
927 3714 1039 3770 meret
1055 3725 1229 3800 ,suaque

212 3815 382 3890 instincta
406 3813 508 3909 agit,·
530 3838 637 3905 saepe
657 3828 773 3884 autem
793 3839 817 3884 a
836 3813 914 3887 Deo
933 3832 1108 3905 moretur,
1129 3819 1247 3927 eique
1266 3828 1275 3899 ξ

211 3948 393 4030 tamquam
399 3926 714 4024 pulcherrimum
697 3943 970 4004 instrumentum
978 3931 1230 4029 pulcherrimo

211 4046 350 4138 artifici
365 4070 444 4116 sese
462 4044 628 4115 utendam
647 4046 908 4146 regendumque
923 4049 1083 4143 praebet.
1101 4049 1230 4149 Inique

212 4166 307 4236 enim
333 4178 368 4232 et
393 4162 548 4234 absurde
572 4176 817 4260 comparatum
840 4165 903 4251 sit,
924 4164 961 4236 si
981 4188 1088 4262 aqua,
1111 4167 1227 4263 agnis,
1255 4208 1258 4215 ·
1295 4184 1299 4197 '
