2632 4994
284 236 318 245 ,α

112 476 117 484 ,
224 420 227 425 ·
295 400 323 483 s
615 374 746 474 (27)

152 526 351 604 manebant
375 525 413 599 in
429 525 564 625 vulgari
588 527 760 626 opinione
773 559 785 615 5
813 528 955 603 animos
982 544 1189 630 tamquam·

149 670 309 744 corpora
324 645 480 732 moveri,
499 646 652 735 versari,
667 645 895 744 vivereapud
911 647 1058 721 inlesos.
1072 646 1172 719 Hine
1254 646 1257 655 “

145 762 258 862 Elysii
273 762 390 862 campi
410 779 443 850 et
461 764 635 836 Tartarus
649 791 657 851 ;
673 763 760 836 hino
783 752 949 851 Charon,
970 754 1181 851 Cerberus(

145 880 239 978 Styx
265 896 300 953 et
326 864 648 978 Pyriphlegeton:
674 908 783 980 quam
806 880 1018 980 opinionem
1046 895 1170 978 postea

96 1024 101 1049 ·
147 1004 290 1094 q'uoque
314 1009 495 1068 auxerunt
525 1007 672 1095 poetae,
696 997 833 1096 quippe
852 999 918 1096 qui
936 1024 1017 1070 eam
1042 993 1170 1095 cupide
1225 1004 1229 1013 ‘

146 1114 371 1211 arriperent,
405 1112 516 1184 veluti
538 1115 698 1211 amplam
726 1113 933 1200 materiam,
962 1114 1000 1185 in
1024 1116 1094 1213 qul
1116 1110 1194 1193 fa-,
1262 1210 1269 1225 Ι

146 1229 321 1301 cultatem
352 1225 453 1301 suam
475 1229 720 1301 ostenderent.
755 1230 874 1322 Quem
899 1227 1045 1327 quidem
1071 1254 1170 1301 erro-

147 1367 234 1414 rum
263 1342 404 1415 lontem
431 1358 467 1416 et
499 1360 602 1418 acute
627 1344 787 1442 aperuit,
816 1360 852 1416 et
878 1345 1041 1437 graviter
1062 1368 1171 1417 enar·

148 1457 245 1532 ravit
278 1458 408 1530 Cicero
434 1483 442 1526 :
468 1460 603 1557 «pSed,
626 1460 767 1558 inquit,
797 1476 837 1532 ut
865 1461 965 1532 Deos
991 1487 1071 1533 esse
1095 1489 1167 1535 na-

147 1574 231 1647 turb
256 1574 464 1708 opinamur,
488 1577 681 1676 qualesque
709 1577 786 1661 siut
809 1577 959 1652 ,ratione
984 1580 1194 1676 cognosci-3

145 1717 264 1763 ιηιι3.·
291 1691 346 1765 sic
357 1717 575 1786 permanere
592 1695 734 1765 animos
750 1694 971 1768 arbitramur
992 1720 1182 1769 consensu·

143 1808 330 1880 nationum
358 1810 554 1882 omnzffum
581 1809 701 1908 qud
685 1837 724 1882 zn
752 1814 862 1884 sede
865 1830 1046 1887 maneant
1041 1840 1168 1939 qua-

146 1924 271 2021 lesque
292 1926 388 2012 si,nt
404 1927 541 1997 ratione
556 1927 765 1998 descendum
781 1944 844 2001 est
864 1930 1010 2026 Culus'
994 1908 1170 2027 ngoratro

140 2040 262 2136 finxit
290 2040 452 2133 inferos,
477 2063 606 2138 eosque
623 2042 878 2130 formidines,
904 2060 1055 2141 questu
1080 2070 1171 2115 eon·

145 2172 304 2228 temnere
322 2182 394 2227 non
409 2157 490 2237 sr'oe
507 2154 620 2224 causti
646 2152 822 2230 ridebere.
850 2161 896 2229 In
917 2173 1051 2246 terram
1070 2159 1167 2231 enim

146 2271 358 2345 cadentibus
383 2270 609 2366 corporibus,
634 2269 760 2370 bisque
784 2275 895 2346 humo
915 2277 1037 2360 tectis,
1060 2303 1080 2347 e
1099 2302 1168 2373 quo

142 2389 351 2462 dictumest
375 2387 536 2473 humari,
558 2384 625 2457 sub
647 2392 749 2460 terrb
779 2393 972 2464 censebant
988 2395 1165 2492 reliquam

141 2507 249 2579 etlam
268 2504 347 2600 'ogi
383 2517 613 2585 mortuorum.
653 2504 770 2602 Quam
802 2532 924 2580 eorum
962 2512 1166 2605 opinionem

143 2621 271 2718 magui
289 2644 428 2691 errores
452 2620 636 2690 consecuti
652 2637 767 2690 sunt.-
787 2650 874 2719 quos
890 2642 1073 2696 auxerunt
1085 2631 1190 2721 poi-¹

142 2751 212 2810 tae.
235 2738 421 2836 Frequens
441 2733 536 2805 enim
552 2757 744 2832 consessus
770 2735 920 2821 tbeatri,
948 2740 1068 2833 inquo
1085 2756 1170 2827 sunt

143 2852 387 2926 mulierculae
398 2864 434 2922 et
438 2848 549 2945 pueri
558 2905 567 2936 ,
592 2862 750 2921 moretur
760 2849 921 2921 eudicus
936 2865 1011 2921 tom
1027 2852 1168 2948 grande

146 2993 331 3041 carmen:
401 2980 414 3003 ⁸

202 3099 307 3158 Adsum
330 3111 411 3175 atque
429 3096 549 3157 advenio
567 3099 725 3158 Acherunte
743 3100 792 3160 vix
811 3100 857 3160 vit
871 3101 926 3161 altri
944 3114 1026 3180 atque
1045 3100 1146 3178 adul,

200 3198 254 3255 Per
274 3195 417 3276 speluncas
434 3196 508 3255 saxis
529 3209 643 3255 structas
668 3191 792 3278 asperis,
814 3197 1018 3279 pendentibus,

200 3295 344 3370 Maximis,
365 3295 413 3354 uhi
434 3294 522 3375 rigida
544 3309 648 3354 constat
672 3316 759 3354 cressa
775 3296 861 3378 caligo
880 3286 1011 3376 inferlm.

100 3501 116 3519 ,
146 3413 150 3419 ’
191 3423 411 3536 Tentumque
433 3433 543 3506 caluit
569 3458 692 3523 error,
717 3436 780 3533 qui
806 3436 901 3509 mibi
919 3439 1060 3537 quidem
1079 3436 1161 3533 jam
1184 3495 1201 3518 ,

139 3544 299 3622 sublatus
318 3551 468 3636 ridetur,
489 3564 713 3648 ut,‘eorpore
726 3569 889 3624 cremate
909 3578 987 3622 eum
1007 3553 1160 3636 scirent,

138 3682 257 3739 tamen
285 3693 328 3744 ea
337 3670 429 3763 fieri
449 3668 549 3763 opud
567 3666 705 3759 inferos
726 3668 936 3769 fingerent,
964 3693 1054 3763 quae
1082 3669 1161 3737 sine

138 3783 344 3879 corporibus
359 3784 527 3875 necfieri
542 3796 714 3877 possent,
733 3805 798 3850 nec
819 3778 987 3877 intelligi.
1008 3782 1176 3856 Animos.

139 3904 234 3975 enim
254 3924 320 3999 per
332 3924 371 3970 se
391 3900 487 3994 iosos
504 3901 653 3969 rr'rentes
669 3921 740 3974 non
748 3911 920 3993 poterent
940 3912 1057 3971 mente
1073 3920 1163 3971 com-

136 4018 285 4114 plecti:
300 4006 466 4111 sormam
491 4013 652 4111 aliquam
668 4012 903 4112 figuramque.
932 4013 1161 4114 quaerebant.

131 4118 235 4207 ¹lnale
250 4133 405 4209 Homeri
419 4146 493 4206 tota
512 4137 600 4198 ιεκιῖιι
618 4159 630 4206 .·
651 4132 735 4207 iude
749 4156 793 4207 ee
811 4157 936 4232 ,quam
957 4158 1063 4211 meus·
1074 4135 1165 4211 omi·
1236 4132 1249 4247 ‚⁴
