2632 4994
237 449 249 484 .
623 417 630 439 ’
710 392 729 482 l
759 389 801 460 ¹ss
824 386 851 490 l,

160 550 165 558 '
258 540 312 618 id·
326 540 484 616 manime
501 535 742 643 intersereret,
771 534 809 606 in
835 538 923 609 tems
935 532 1065 612 breves
1091 542 1274 639 angustia

246 660 340 735 'deti
367 634 564 730 inclusiaet
590 678 609 722 :-
623 677 771 767 quorum
802 653 839 724 si
863 654 966 728 ectus
984 655 1161 756 potur‘rsct¹
1192 658 1272 733 erre

250 760 501 870 'longinquum
517 770 685 857 futurum
695 771 834 862 firisse,
849 787 908 859 ut,
922 773 1085 847 omnibus
1097 776 1273 873 perfectis

254 885 412 974 artibus,
435 878 720 958 omnidoctrind
747 884 929 963 hominum
961 891 1032 969 rita
1062 893 1275 966 erudiretur.-

240 988 475 1105 ··Qucrcbetur
497 1000 607 1100 igitur
630 1018 789 1101 setam,
811 1030 891 1079 curn
920 1006 987 1080 illa
1004 1008 1123 1082 ‘ridere
1140 1007 1275 1106 coepr's·

243 1135 326 1210 uer,
345 1121 543 1219 exstingui·
556 1121 751 1195 Caeterum
769 1124 976 1201 calamitatis
995 1127 1106 1224 hujus
1124 1127 1278 1200 unicum

251 1252 307 1314 eat
325 1222 493 1313 solatium
517 1224 558 1311 in
579 1236 711 1313 Divina
728 1239 978 1343 providentia.
997 1242 1053 1315 Ea
1075 1243 1208 1343 quippe
1235 1254 1278 1313 et

251 1344 323 1445 cat,
342 1372 382 1431 et
402 1355 469 1427 fuit
486 1356 666 1428 humanae
688 1356 927 1446 rationario,
952 1360 1088 1432 ut.hoc
1114 1357 1213 1457 apud
1236 1380 1277 1432 se

250 1471 354 1574 quasi
372 1469 583 1543 decerneret
600 1484 708 1567 atque
726 1480 915 1573 statueret,
956 1489 1018 1546 aut
1041 1474 1183 1547 nullum
1201 1466 1277 1548 eoae

256 1591 396 1674 Deum,
411 1599 476 1658 aut
496 1592 600 1670 eum}
610 1582 689 1681 'qui
710 1583 921 1660 animorum
937 1586 1046 1661 vitam
1064 1574 1158 1662 ultia
1172 1600 1279 1662 mor-

250 1703 298 1777 tio
315 1702 514 1777 terminum
531 1700 742 1777 extenderet
760 1717 869 1803 atque
884 1707 1131 1779 continuaret.
1153 1708 1278 1806 Atque

255 1823 385 1897 eahae
406 1820 550 1896 ratione
571 1821 750 1922 profectus
763 1820 914 1910 Cicero,
933 1849 1019 1897 cum
1039 1827 1160 1900 malta
1174 1840 1278 1926 prae·

250 1943 348 2016 clare
368 1937 560 2029 disseruit,
580 1954 666 2015 tum
680 1941 846 2041 inprimis
861 1941 974 2028 illud,
1003 1941 1102 2042 quod
1120 1941 1168 2039 ad
1186 1958 1276 2016 con·-

247 2058 440 2134 lutandum
456 2059 587 2127 mortis
599 2056 789 2127 terrorem
800 2061 895 2127 valet
914 2083 923 2128 :
944 2058 1003 2129 Eo
1017 2072 1140 2131 tamen
1157 2056 1274 2133 simus

243 2176 369 2246 animo
398 2170 517 2266 inquit
533 2222 558 2253 ‚.
574 2179 615 2236 ut
641 2165 855 2269 horribilem
886 2170 991 2275 illum
1023 2173 1113 2247 aliis
1145 2176 1275 2249 martit

245 2292 341 2362 liiem
356 2283 459 2357 nobis
473 2279 637 2374 faustum
646 2298 834 2380 putemus:
850 2284 1013 2384 nihilque
1029 2291 1069 2363 in
1084 2270 1276 2366 malisei-f

245 2425 386 2487 camus,
401 2400 497 2500 quod
508 2399 558 2470 sit
574 2397 632 2468 rel
645 2425 669 2468 a
681 2397 768 2469 Diis
785 2398 1064 2489 immortalibus,
1076 2408 1135 2477 rel
1149 2435 1174 2478 a
1192 2408 1271 2483 Nu·

246 2520 346 2605 rard,
358 2530 512 2619 parente
532 2514 714 2598 omnr'um,‘
727 2512 964 2601 constitutum.
987 2518 1199 2615 Non'enr’m'
1211 2538 1271 2596 te·
1291 2616 1294 2625 ,

242 2650 345 2712 mere
369 2656 436 2708 nec
446 2630 606 2723 firrtur’to
631 2629 707 2702 rati
727 2644 764 2700 et
782 2626 898 2729 creati
916 2653 1040 2703 sumus
1057 2630 1166 2705 r'sed
1176 2654 1272 2729 pro-'-

230 2750 356 2853 ficto,
370 2750 456 2848 fuit
485 2749 662 2850 quaedam
692 2747 761 2833 rra,
795 2770 887 2843 quae
913 2749 1043 2842 generi
1064 2749 1274 2826 consuleret

240 2872 421 2956 immune,
447 2893 515 2939 nee
544 2867 585 2940 id
604 2866 770 2960 gigneret
796 2877 861 2934 eut
882 2861 1019 2950 aleret,
1045 2867 1158 2964 quod,
1186 2884 1269 2940 'cum

243 2985 506 3063 exanclavisset
517 3002 641 3069 omncs
657 2976 813 3065 labores,
830 2967 912 3050 turn
922 2979 1101 3055 incideret
1118 2983 1267 3057 inmor-

242 3108 293 3178 ris
313 3103 449 3175 malum
467 3095 732 3187 sempiternum.
751 3096 908 3169 Portum'
923 3098 1045 3195 potius
1071 3098 1177 3174 nobis
1192 3122 1266 3197 paz

243 3234 361 3290 rutum
386 3228 422 3286 et
432 3213 639 3310 perfugium
653 3230 818 3310 putemus
834 3247 867 3287 n.
1190 3204 1193 3211 ’

129 3408 134 3419 ,
239 3360 261 3385 ··
293 3330 495 3404 Veniamus
510 3327 556 3403 ad
576 3329 725 3402 alteram
743 3328 941 3416 rationum,
955 3357 1049 3430 quae
1067 3357 1112 3407 ex
1129 3333 1265 3412 Divina

144 3502 147 3507 -
240 3452 379 3526 natura
403 3444 663 3542 colligebantur
687 3444 732 3517 ad
746 3443 1008 3520 'vindicandam
1037 3451 1168 3526 animis
1192 3457 1266 3530 im·

240 3563 512 3655 mortalitatem.
534 3560 712 3636 Nimirum
731 3572 843 3662 quum
863 3561 1035 3639 Divinam
1056 3568 1131 3645 vim
1151 3568 1266 3645 inlor-

239 3690 325 3759 'mat
345 3683 507 3755 humana
529 3683 651 3768 ratio‚·
664 3706 741 3754 non
763 3679 824 3753 illa
843 3682 962 3782 pravis
981 3684 1114 3760 artibus
1132 3702 1168 3761 et
1190 3686 1266 3762 dia-

246 3800 387 3902 ciplinis
403 3813 587 3898 corrupta,
606 3796 670 3872 sed
689 3824 795 3886 sana,
815 3800 958 3901 integra
976 3817 1014 3879 et
1033 3804 1171 3889 nativa,
1184 3828 1268 3882 non

245 3918 315 3992 alio
329 3916 471 3991 ducitur
490 3915 657 4003 consilio,
671 3916 741 3990 nisi
758 3932 798 3992 ut
816 3916 863 3992 ad
876 3944 958 3993 earn
973 3920 1061 4007 vim,
1080 3938 1265 4018 tamquam
1302 3958 1310 4023 j

247 4054 408 4122 causam,
430 4059 554 4106 rerum
577 4033 749 4120 ¹omniurn
778 4035 1000 4109 creationem
1030 4033 1265 4128 gubernatio.-

132 4146 135 4153 ’
247 4174 406 4248 neroque
428 4148 574 4234 reserat.
600 4144 711 4242 Igitur
729 4144 758 4229 ,ti
785 4145 907 4226 Deum
934 4144 1180 4236 immortalem
1204 4150 1263 4241 ine
1298 4156 1302 4165 '
