2632 4994
595 379 682 479 <te
709 382 750 477 )

140 540 238 619 viati
251 535 352 610 ducis
379 522 606 633 superfuerit
633 533 728 606 Nam
755 530 964 613 Alexander
999 534 1161 631 Moruaa

140 653 179 727 iu
201 652 307 756 boc
291 677 375 752 spuo
387 651 578 731 Atheneo
601 638 846 723 Historiarum
868 651 1056 750 quondam
1073 677 1166 755 ρισ-

139 750 271 857 lassor,
288 793 359 867 per
371 768 518 872 ltaliam
525 764 796 867 peregrinatus,
807 764 908 848 illum
920 767 1166 849 Proclicom„
1281 819 1285 832 .

141 884 370 967 trientarium.
391 884 470 983 ipse
495 882 565 956 stris
589 879 783 955 manibus
773 909 812 955 m
832 883 1055 994 bibliothece
1080 893 1167 969 Sal-a

132 1002 228 1081 siuti
244 1000 444 1086 sacravit,
468 1023 516 1073 ex
538 1023 655 1097 eoque
676 998 778 1071 hunc
806 996 852 1071 de
871 1001 1082 1079 Democrito
1103 1006 1162 1082 'lo-·

140 1144 226 1201 cum
247 1115 453 1215 descripsit,
467 1130 504 1189 et
519 1115 560 1188 i'n
576 1112 959 1190 Observationibus.ad
969 1121 1013 1192 N.
1029 1121 1073 1196 Τ.
1086 1123 1162 1206 νιιΙ-Ι

140 1234 249 1332 gavit.
264 1235 314 1306 At
329 1257 416 1304 vero
433 1229 622 1313 doctorum
635 1229 827 1304 hominum
843 1257 950 1321 cura,
966 1234 1027 1334 qui
1041 1255 1165 1336 postue
1233 1266 1236 1275 ·

140 1349 263 1437 Procli
286 1347 420 1423 librum
443 1345 649 1421 Florentiae
667 1352 986 1449 quaererent,‚qui
1000 1340 1169 1450 prolecto

140 1463 248 1539 multi
272 1489 316 1537 ac
334 1463 526 1561 diligentes
540 1463 695 1538 ¹fuerunt
722 1488 731 1536 :
756 1466 888 1551 horum
915 1466 1022 1566 igitur
1043 1475 1169 1557 omnis

141 1605 229 1655 curu
253 1579 374 1667 inanis
403 1605 445 1652 ac
474 1604 566 1657 vana
584 1580 660 1655 fuit.
683 1579 861 1657 Credibile
883 1610 971 1661 vero
994 1592 1168 1677 est‚‚De·,

140 1696 338 1782 mocritum
364 1694 410 1768 ita
443 1695 742 1773 reviviscentium
764 1698 948 1775 historiam
970 1716 1162 1794 tractasse,
1187 1702 1191 1713 ’
1227 1778 1231 1789 ,

141 1830 217 1901 nou
246 1811 568 1910 utfindennimie
597 1814 906 1892 immortalilatem
933 1819 1160 1911 vindicarem
1244 1840 1248 1846 “

141 1933 240 2032 quod
264 1930 370 2006 multi
387 1946 466 2030 post
487 1957 571 2007 eum
588 1932 778 2033 magnique
795 1934 962 2012 fecerunt
987 1938 1057 2019 viti
1068 1958 1082 2026 ;’
1097 1941 1164 2020 ned

141 2065 183 2135 ut
204 2049 362 2148 physicis
390 2048 589 2125 rationibus
610 2050 845 2137 ostenderet,
866 2053 1052 2149 quomodo
1074 2056 1166 2146 vita,-

142 2192 264 2266 quum
283 2166 361 2263 jam
388 2163 560 2237 defecisse
577 2145 765 2252 rideatur,
784 2162 942 2240 denuo
932 2183 1172 2256 instaureturs

142 2269 227 2364 Hoc
252 2311 297 2358 ex
313 2282 433 2357 Procli
450 2283 613 2382 quamvis
630 2297 801 2381 corrupto
817 2286 899 2358 loco
917 2289 1025 2363 certis
1038 2304 1170 2370 tamen‘

143 2402 301 2502 vestigiis
335 2415 525 2488 tenemus,
552 2415 590 2473 et
620 2425 704 2473 cum
732 2399 806 2476 aliis
833 2403 1052 2494 rationibus,
1082 2425 1164 2485 tum

143 2519 253 2620 ipsius
270 2518 344 2594 riri
357 2515 519 2592 moribus
538 2532 578 2590 et
600 2517 751 2617 ingenio
770 2520 978 2621 colligimus.
999 2525 1164 2602 Primum

143 2635 282 2736 igitur,
306 2659 393 2711 vere
425 2632 534 2708 tribui
565 2634 782 2709 Democrito
823 2638 1061 2730 sententiam3
1093 2651 1165 2742 qud

143 2753 314 2852 ponitur3
344 2751 511 2826 animum
533 2775 609 2822 non
630 2776 727 2834 esse,
748 2750 816 2821 nisi
840 2767 1046 2832 atomorum
1062 2784 1168 2851 com-¹

143 2871 291 2972 plexum
308 2870 507 2960 ,dubitare
539 2893 605 2942 nos
627 2893 705 2940 non
736 2866 823 2940 sinit
845 2869 1053 2947 Aristotelis
1075 2901 1166 2949 auc-

144 2988 292 3072 toritas,
315 2986 374 3057 cui
396 2985 573 3058 accedunt
589 2983 770 3080 Diogenes
792 2984 956 3068 Laertius
976 3001 1011 3058 et
1029 2990 1168 3067 Plutar-
1243 3071 1250 3087 „

146 3104 256 3189 chus,
270 3129 330 3176 seu
350 3100 506 3200 quisquis
518 3115 569 3172 est
588 3116 718 3173 auctor
735 3100 815 3175 libri
827 3102 873 3174 de
895 3103 1172 3184 PlacitisPhit.=

145 3246 303 3324 quorum
329 3219 387 3291 ille
415 3220 485 3292 boc
511 3217 623 3291 etium
656 3213 786 3307 addit'‚'
804 3244 888 3294 eum
912 3243 969 3298 ιιῦι
990 3236 1026 3295 et
1054 3246 1165 3318 ψυχὴν,

101 3424 107 3441 ι
146 3365 209 3413 seu
233 3338 391 3411 animum
419 3351 454 3409 et
475 3335 661 3422 animum,
683 3361 754 3434 pro
775 3342 849 3411 und
875 3340 1074 3445 eddemque
1095 3374 1169 3457 nas

148 3461 227 3530 luud
259 3455 434 3529 babuisse.
466 3451 609 3526 Deinde
639 3454 767 3529 Cicero
798 3473 932 3556 negat,
966 3461 1010 3532 ad
1039 3453 1169 3541 animis

148 3569 457 3647 immortalitatem
479 3570 734 3645 vindicandam
751 3574 888 3697 aliquid
905 3575 1050 3648 subsidii
1063 3605 1084 3651 a
1096 3583 1170 3655 Dei

149 3689 321 3777 mocrito
328 3692 401 3789 peti
427 3715 563 3788 posse:
590 3714 678 3762 nam
698 3670 921 3761 enumeralis
942 3689 1097 3768 aliorum
1120 3698 1169 3772 de

150 3807 263 3882 animi
254 3805 415 3878 naturd
436 3803 689 3905 opinionibus,
709 3804 797 3882 haec
815 3798 950 3880 addit:
941 3809 1063 3882 ·Nr'si
1076 3837 1168 3910 quae
1286 3833 1301 3859 ι

135 3929 242 4020 suune
256 3918 436 4019 fugiunt,
459 3920 540 3991 hae
548 3933 634 3990 sunt
645 3918 736 4038 sere
756 3919 800 3990 de
816 3920 937 3994 animo
957 3931 1167 4007 sententious
1239 3955 1262 3980 ·

153 4038 397 4112 Democritum
415 4037 534 4123 enim,
558 4030 729 4132 maguum
747 4062 759 4106 ι
756 4034 849 4106 llum
868 4039 1014 4137 quidem
1036 4069 1172 4139 rtrum

154 4155 221 4228 sed
240 4156 372 4230 loribus
394 4170 428 4228 et
443 4153 609 4229 rotundis
623 4152 843 4252 corpusculis
860 4156 1068 4262 afficientem
1086 4166 1167 4243 mi.
