2632 4994
553 396 683 491 Γ(26)

15 618 20 626 .
122 524 301 647 ¹ettlgo'tum
325 543 466 648 ‘Orphei
490 545 622 670 dictum
648 547 700 616 od
726 569 865 617 omnam
901 551 1143 644 quaestionem

121 665 358 751 adhibentes,
549 667 551 670 ’
1002 660 1006 670 ’

172 812 250 875 Zeto
270 807 361 876 ἀρχὴ,
382 804 451 868 Ζεὺς
471 802 577 872 μέσσα,
600 802 662 871 Διός
683 764 740 861 ibn
760 806 851 863 nasot
868 806 1006 866 πέλονται,

116 991 120 999 ,
172 899 1141 1017 PrincipiumJupiter,mediumJovis,omniaabipso:

156 1027 247 1121 ⁸'sisto'
271 1029 323 1100 ad
343 1052 474 1100 causas
498 1027 693 1101 naturales.
715 1045 752 1101 et
785 1033 1014 1107 necessarias
1038 1062 1138 1107 num·
1207 1050 1214 1071 '

122 1161 230 1247 quam
265 1159 503 1217 accesserunt.
540 1147 595 1217 At
624 1171 704 1218 cero
738 1147 803 1246 qui
834 1164 976 1245 postea.
988 1153 1148 1246 fuerunt

115 1261 288 1368 physici,
316 1259 491 1334 dz'oersam
515 1262 746 1358 aptioribus
770 1262 928 1337 inierunt
951 1268 1064 1354 aiam,
1091 1268 1145 1339 di-

122 1379 240 1455 tinum
269 1378 364 1450 illud
377 1379 597 1474 principium
616 1380 862 1479 ralt‘querunt,
888 1397 924 1452 et
953 1382 1058 1454 omna¹
1073 1406 1147 1453 ma·

124 1495 281 1569 mentum
319 1518 449 1567 causae
482 1494 520 1565 in
554 1496 708 1565 materia
734 1520 919 1589 corporum
954 1523 1146 1596 corumque

127 1611 380 1704 affectionibus
404 1622 440 1678 et
463 1608 719 1680 mutationibus
747 1626 955 1705 posuerunt.
985 1612 1064 1712 Quo
1075 1613 1130 1708 fit
1139 1671 1157 1699 ,.

126 1740 168 1797 ut
189 1726 228 1796 in
248 1739 476 1823 utrorumque
495 1725 637 1796 ratione
662 1723 804 1823 aliquid
827 1724 921 1797 desit
941 1756 952 1796 .·
973 1728 1012 1798 in
1033 1743 1149 1799 catere

45 1870 48 1875 ’
127 1843 269 1942 quidem
280 1841 517 1914 instrumento
530 1841 729 1915 etmateria
738 1870 753 1928 ,·
772 1842 810 1914 in
826 1842 1022 1917 recentiori
1038 1869 1150 1918 causa

25 2020 34 2031 .
129 1960 288 2053 efficiens
313 1976 350 2031 et
354 1959 463 2056 finis.
491 1993 510 2028 s
983 1950 987 1956 ’

171 2080 296 2176 ltaque
317 2078 362 2150 ab
385 2077 577 2176 Orphicis,
602 2091 643 2148 ut
668 2079 789 2150 omnis
815 2078 982 2152 doctrina
1001 2092 1153 2150 natura-

123 2191 187 2279 lis,
217 2196 264 2268 ita
290 2219 331 2265 ea
351 2220 436 2289 pars
462 2195 561 2287 ejus,
587 2219 680 2291 quae
708 2209 764 2268 est
794 2194 840 2267 de
865 2196 979 2268 animi
1003 2198 1148 2296 natura,

125 2313 261 2410 massa,
287 2323 327 2377 ut
346 2309 470 2400 ajunt,
492 2308 710 2379 tractabatur
731 2312 912 2384 Minerva.
935 2300 1154 2387 statuebant

124 2435 209 2522 post
224 2434 379 2493 mortem
394 2445 583 2493 remanere
602 2421 746 2519 aliquod
766 2448 898 2525 corpus
914 2429 971 2496 vel
989 2427 1154 2524 corporis

115 2536 377 2622 simulacrum,
404 2536 503 2635 quod
523 2552 645 2635 aptum
671 2552 760 2609 esset
780 2537 825 2607 ad
853 2542 1017 2612 actiones
1036 2557 1157 2613 muta-

114 2642 317 2754 sstionesque
340 2651 445 2740 tales,
467 2654 629 2754 qualibus
643 2679 813 2751 praesens
836 2655 1048 2728 continetur
1061 2655 1155 2742 vita,

128 2773 298 2873 quodque
333 2774 531 2871 susciperet
568 2772 730 2871 praemia
757 2799 937 2872 poenasve
968 2773 1063 2846 bene
1096 2772 1156 2868 vel

132 2914 236 2964 secus
265 2892 452 2965 sactorum.
472 2893 559 2962 Non
582 2884 826 2988 quaerebant,
843 2891 955 2991 qualis
980 2905 1069 2964 esset
1093 2916 1158 2964 na·

131 3019 214 3107 tura
227 3008 337 3082 animi
352 3020 535 3102 acorpore
547 3004 716 3107 disjuncti
723 3033 731 3092 ;
747 3006 902 3081 nimium
916 3008 1033 3081 adhuc
1049 3023 1157 3082 erant

47 3147 51 3156 ·
131 3123 295 3197 adstricti
324 3120 509 3219 corporeis
531 3122 763 3222 imaginibus,
791 3153 901 3226 quam
924 3142 963 3210 ut
995 3126 1157 3226 philoso-

43 3254 69 3293 '·
133 3237 255 3336 phium
274 3265 294 3308 a
319 3235 481 3307 sensibus
506 3237 549 3308 ad
578 3265 708 3337 puram
728 3242 979 3341 cogitationem
1000 3240 1158 3328 mentis,

133 3375 156 3429 a
182 3352 291 3453 rebus
318 3351 617 3450 adspectabilibus
641 3355 685 3426 ad
713 3381 770 3427 res
794 3355 1033 3453 intelligibiles
1063 3383 1156 3429 con-

133 3484 276 3542 vertere
296 3482 454 3566 possent.
474 3469 572 3572 Satis¹
598 3467 805 3555 habebant,
828 3471 940 3543 veluti
965 3472 1156 3548 oraculum

58 3657 76 3681 ,
133 3614 179 3661 ex
207 3585 351 3684 tripode
372 3583 645 3684 pronuntiasse,
670 3587 720 3657 ita
744 3612 819 3660 esse
843 3588 958 3676 aDeo
984 3589 1157 3662 constitu·

135 3685 238 3792 tum,
256 3718 298 3802 ut
318 3702 557 3800 animus'post
572 3707 735 3801 corporis
748 3715 907 3776 mortem
928 3720 1155 3796 remaneret,

27 3831 57 3891 '.
110 3885 115 3899 ,
136 3817 356 3919 ac'praemia
374 3844 553 3918 poenasve
573 3821 783 3917 susciperet.
803 3821 967 3920 Cumque
983 3823 1077 3893 ratio
1093 3846 1162 3893 ex·-

136 3928 448 4045 quireretu'r,qutt
460 3936 580 4025 fieret,
601 3953 640 4010 ut
660 3938 799 4009 animus
812 3941 889 4009 sine
904 3924 1059 4034 corpore
1078 3933 1158 4007 sub·

133 4054 273 4127 sisteret
299 4081 340 4129 ac
365 4055 479 4128 vitum
495 4069 670 4143 tueretur3
691 4052 786 4125 nulla
799 4052 1032 4152 proferebant
1048 4074 1156 4147 argu-

58 4232 69 4256 ,
134 4177 325 4283 mentales
347 4162 560 4248 naturalium
585 4196 713 4246 rerum
733 4171 907 4247 interiore
932 4151 1153 4269 cognitione}
1182 4164 1185 4171 ⁷
