2632 4994
993 239 1009 285 ,
1127 245 1132 255 .

349 510 354 523 1
582 394 711 491 (aa)

91 526 93 531 ’
139 554 241 627 sunt,
259 545 322 644 qui
346 543 608 643 philosophiam
627 541 670 613 ad
695 544 808 638 justae
834 540 1026 614 doctrinae
1045 542 1155 616 ratio·

140 684 230 730 nem
254 658 609 757 magnitudinemque
637 658 872 731 excttuerunt
888 657 1042 732 :Graeci
1060 668 1163 743 sunt,

140 773 268 874 quibus
280 801 344 847 nos
357 773 620 872 philosophiam
633 790 797 866 nostram
814 773 987 847 debemus
1001 803 1008 844 :
1026 770 1159 846 Graeci

141 892 296 988 denique
323 907 424 978 sunt,
450 918 608 990 quorum
636 891 860 990 philosophia
888 887 1161 991 elegantissimis
1210 882 1213 893 '

137 1008 279 1107 prodita
307 1009 555 1083 monumentis
584 1007 631 1080 ad·
660 1009 910 1107 posteritatem
941 1020 1160 1084 conservata

131 1137 205 1221 ⁸est.
226 1165 271 1179 -
289 1123 361 1198 Sed
382 1125 410 1223 si
436 1125 644 1199 doctrinam
669 1124 714 1198 de
730 1125 945 1200 'animorum
971 1125 1162 1197 immorta-

138 1238 241 1312 litate
268 1240 306 1312 in
326 1241 522 1339 quamdam
537 1243 637 1341 quasi
651 1240 1002 1316 historiae‘lormam
1022 1238 1162 1313 descri—
1197 1314 1201 1321 ,

69 1375 77 1398 .
140 1354 541 1455 bamus;reperiemus,
562 1385 643 1431 eam
658 1358 770 1432 tribus
783 1359 860 1432 sere
873 1356 1054 1432 contineri
1067 1369 1164 1429 aeta·

63 1462 69 1473 ’
142 1470 250 1548 tibus.
275 1472 415 1563 Harum
430 1475 546 1569 prima
569 1488 624 1545 est
641 1473 686 1544 ab
710 1475 821 1546 initiis
839 1474 949 1546 studii
967 1472 1164 1571 sapientiae

143 1614 257 1686 usque
274 1589 319 1661 ad
334 1590 521 1662 Platonem
536 1616 545 1660 ι
563 1587 734 1676 secunda,
752 1588 836 1662 inde
849 1616 869 1660 a
881 1571 1033 1661 Platone
1048 1601 1166 1686 usque

18 1776 25 1789 ,
143 1701 191 1774 ad
207 1704 375 1775 restituta
398 1704 643 1803 philosophiae
657 1720 691 1776 et
704 1706 884 1779 bonarum
898 1704 1078 1777 literarum
1092 1719 1166 1776 stu·
1201 1744 1207 1778 z

144 1815 218 1903 dia,
249 1822 367 1893 seculo
381 1823 489 1894 XVl:
512 1822 616 1894 tertia
636 1821 682 1896 ab
710 1821 772 1894 illo
788 1839 957 1920 tempore
979 1846 1092 1920 usque
1116 1820 1166 1892 ad

141 1951 310 2011 nostram
332 1954 498 2013 aetatem.
526 1941 691 2035 Quarum
717 1954 988 2040 aetatumnunc
1014 1935 1167 2036 quidem

31 2080 33 2088 ⁴
144 2051 189 2125 de
216 2055 334 2153 primd
353 2056 524 2152 deinceps
554 2080 739 2152 exponere
762 2054 1029 2153 adgrediemur.

100 2207 112 2251 ·,
197 2175 306 2259 Jam,
326 2173 386 2268 qui
398 2171 508 2267 primi
521 2169 649 2241 rudem
668 2164 845 2244 Graeciae
864 2185 1010 2270 gentem
1028 2166 1072 2240 ad
1086 2168 1167 2255 cul·

143 2286 277 2358 tiorem
293 2286 405 2355 vitam
432 2299 467 2354 et
493 2310 640 2356 morum
666 2287 898 2383 disciplinam
925 2287 1169 2384 redegerunt,

144 2401 292 2471 luerunt
319 2396 526 2481 Dardanus,
542 2401 683 2484 Linus,
705 2401 897 2495 Orpheus,
915 2404 1093 2474 Musaeus.
1110 2402 1171 2475 Ex

144 2514 275 2615 quibus
295 2515 465 2613 Orpheus
488 2514 661 2613 plurimos
680 2514 804 2587 habuit
824 2541 1033 2613 progressus
1048 2518 1086 2587 in
1106 2543 1172 2588 re-

145 2658 228 2706 rum
246 2630 455 2717 divinarum
474 2633 793 2731 humanarumque
814 2629 984 2716 scientie,
1001 2630 1172 2731 plurima·

34 2776 37 2780 ·
131 2758 218 2853 'que
237 2751 348 2847 hujus
361 2749 529 2824 scientiae
545 2749 661 2848 capita
674 2748 892 2856 carminibus
911 2747 1173 2848 prodidissem

146 2867 264 2942 detur.
275 2871 400 2969 Neque
413 2896 474 2942 me
490 2867 592 2967 fugit,
607 2893 648 2939 ea
660 2856 939 2967 quaehodieque
949 2865 1015 2940 sub
1030 2866 1172 2964 Orphei

145 2986 296 3060 nomine
316 2987 476 3060 carmina
496 2999 530 3056 et
549 2983 753 3084 fragmenta
768 2999 1070 3084 supersunt,non
1088 3009 1174 3082 auc--

52 3200 55 3205 Ι
147 3119 267 3205 torem
279 3102 413 3176 habere
428 3098 617 3200 antiquum
631 3100 729 3174 illum
742 3101 945 3202 Orpheum,
960 3115 1067 3199 atque
1080 3098 1172 3173 adeo

148 3218 386 3293 Aristotelem
407 3215 587 3291 dubitasse
601 3276 611 3304 ,
623 3245 672 3291 an
689 3247 851 3319 unquam
868 3220 977 3289 suerit
990 3216 1170 3315 Orpheus.

149 3336 275 3433 Neque
301 3345 427 3405 tamen
442 3335 513 3405 hoc
534 3359 578 3405 eo
597 3333 712 3419 valet,
732 3350 771 3404 ut
800 3356 974 3428 negemus
992 3330 1170 3432 antiquis—

34 3506 49 3542 ,
148 3450 248 3524 simis
274 3447 496 3546 temporibus
523 3448 621 3520 inter
640 3451 798 3521 Graecos
822 3446 1024 3544 Orphicam
1039 3473 1169 3546 quam-

92 3619 98 3625 ·
150 3567 235 3641 dam
254 3563 480 3665 disciplinam
497 3562 716 3637 celebratam
736 3562 859 3648 luisse,
878 3588 996 3661 neque
1011 3564 1086 3660 ipse
1100 3564 1171 3637 huc

150 3685 296 3784 negauit
326 3682 560 3768 Aristoteles,
588 3678 719 3781 quippe
742 3680 809 3780 'qui
838 3680 1068 3780 frequentem
1093 3683 1172 3778 ejus

149 3802 235 3876 lacit
258 3801 490 3876 mentionem.
518 3800 636 3898 Huius
655 3799 762 3895 igitur
788 3798 997 3898 disciplinae
1023 3813 1174 3884 auctor,

151 3920 311 4020 quisquis
337 3918 500 3992 tamdem
524 3916 611 4006 tuit,
636 3918 708 3988 hoc
733 3915 903 4014 inprimis
925 3917 1015 4014 egit,
1038 3927 1076 3984 ut
1103 3937 1170 4010 per

75 4036 78 4041 ’
152 4039 322 4132 mysteria
346 4038 514 4111 homines
540 4061 623 4110 cum
647 4032 807 4130 religioni
833 4035 994 4106 Deorum
1022 4031 1169 4105 immor·
1210 4090 1213 4095 .

151 4155 277 4229 talium
298 4154 555 4256 adstringeret,
579 4167 656 4228 tum
686 4177 813 4226 eorum
837 4148 975 4225 animos
993 4147 1169 4228 imbueret
