2632 4994
72 4076 79 4087 Ι

673 414 698 508 l.
715 410 804 511 tt)

230 589 326 654 mum
343 561 889 666 ιοίιιιινιν·ᾳιιιιάαιιιίονιιιιίο·,ι
901 564 1110 641 omt'ttumus
1124 595 1143 636 ι’
1156 557 1254 641 nihil

229 693 325 768 enim
356 703 413 762 est
432 683 536 794 apud
556 680 666 765 istos,
694 671 790 777 quod
816 704 906 753 non
903 694 1107 755 atomorum
1145 682 1253 756 turbo

231 807 405 904 carpserat.
424 790 547 872 Porro
556 796 765 892 Epimrus,
784 820 853 894 qur
836 794 1044 896 physicam
1064 797 1252 872 rationem

228 955 267 1000 s
262 904 487 995 Democrito-
495 902 650 1000 sumsit,
670 927 806 985 tamen
822 906 1033 1013 qulbusdam
1051 913 1196 1002 locius
1185 941 1252 987 ιιι-

228 1035 355 1140 primis
375 1034 422 1108 de
448 1028 580 1107 Animi
597 1032 743 1116 nattna,
770 1030 938 1104 dissensit
961 1032 1008 1104 ab
1030 1055 1086 1105 eo.
1107 1032 1201 1104 Nam
1215 1045 1268 1108 et.

225 1157 386 1230 animum
402 1153 450 1226 ab
462 1140 581 1225 emma
596 1136 778 1236 distinxit,
798 1174 847 1222 ac
855 1142 938 1222 licet
958 1164 1155 1248 utrumque
1170 1169 1254 1220 cor»

225 1273 327 1377 poris
345 1284 487 1373 partem
512 1283 547 1344 e't
573 1268 765 1344 mortalem
785 1284 865 1340 esse
882 1265 1021 1366 voluit,
1044 1280 1170 1340 tamen
1196 1260 1251 1335 di-

192 1376 329 1470 ¹versa
360 1410 517 1463 munera
549 1385 727 1458 tribuit:
763 1359 993 1495 Democritus
1025 1399 1181 1471 contra,
1212 1390 1251 1453 ut

225 1506 338 1584 ruodo
364 1494 544 1587 vidimus,
568 1501 733 1574 animum
763 1514 802 1571 et
828 1490 1001 1575 animam
1014 1526 1125 1572 unam
1160 1524 1253 1573 ean·

198 1664 205 1679 ·
226 1620 384 1719 demque
408 1618 521 1694 voluit
541 1641 618 1689 csse
643 1617 950 1721 naturaruqHaec
962 1615 1073 1689 etiam
1088 1616 1155 1689 suit
1173 1615 1252 1713 opi-

224 1740 288 1813 nio
309 1733 533 1820 Democriti,
550 1730 770 1832 particulas
760 1754 882 1827 rgneas
910 1731 1177 1830 rotundaeque,
1201 1756 1249 1806 ex

225 1855 356 1955 quibus
375 1850 517 1927 animus
534 1864 736 1936 constaret,
759 1848 806 1921 ita
827 1849 1042 1946 conjunctas
1070 1874 1146 1922 esse
1162 1875 1251 1925 cnm

122 1970 126 1977 ’
224 1967 456 2072 particulis
433 1993 490 2055 ιιι,
514 1965 645 2066 quibus
669 1991 800 2064 corpus
827 1965 1106 2054 contineretur,
1137 1981 1178 2040 ut
1199 1969 1250 2043 al·

211 2091 341 2163 ternis
370 2085 541 2182 deinceps
558 2097 770 2155 contextae
766 2083 1085 2216 continuataeque
1114 2100 1248 2159 essent
1249 2110 1259 2171 χ

121 2206 124 2217 '
223 2207 346 2303 Quam
359 2203 573 2317 opinionem
592 2199 792 2275 rationibus
808 2189 996 2343 Epicureis
1008 2201 1247 2344 reprehendit

224 2310 448 2394 Lucretius.

303 2449 420 2512 Illud
408 2470 442 2506 m
464 2448 514 2505 tte
535 2448 621 2506 rebus
639 2469 834 2528 nequaquam
853 2471 969 2510 sumere
981 2455 1087 2530 possis

285 2544 500 2627 ,1)ἐιιιιιονὶιί,Ι
518 2543 600 2625 quod
616 2556 727 2602 sancto
748 2548 813 2603 viai
836 2540 987 2604 sommia
1004 2552 1128 2625 ponit.-
1188 2547 1209 2629 Ἰ
1245 2580 1249 2587 ·

305 2645 442 2724 Corporis
464 2654 556 2723 atque
579 2644 679 2701 animi
695 2643 868 2722 prinrordiu
887 2644 1021 2725 singula·
1032 2647 1148 2724 pdmis

208 2758 212 2767 '
300 2742 457 2824 Adposito
477 2742 605 2800 alternis
624 2743 748 2800 vadare
758 2786 770 2813 ,
790 2763 828 2800 ae
848 2755 962 2809 nectere
983 2745 1127 2808 membru.

270 2878 354 2973 Quo
368 2875 480 2974 magis
499 2900 645 2950 neeesse
662 2890 755 2962 erat,
767 2874 939 2953 dissoluto
965 2903 1143 2978 corpore,
1164 2881 1250 2957 ani-

222 3022 327 3071 mum
347 3002 491 3094 quoque
512 2990 641 3091 perire.
658 2991 828 3091 Denique
848 3021 963 3095 quum
984 2982 1110 3070 divina
1124 3000 1248 3096 provi·

223 3112 344 3196 dentia
359 3135 474 3184 unum
486 3107 533 3179 sit
549 3132 593 3181 ex
605 3106 817 3183 firmissimis
833 3108 1097 3201 fundamentis,
1116 3114 1248 3214 quibus

178 3240 186 3269 '
222 3227 430 3309 animorum
448 3224 700 3307 immortalitas
720 3227 872 3318 nitatur,
890 3229 985 3305 hanc
1003 3258 1148 3333 quoque
1170 3234 1245 3308 De·

221 3344 393 3421 mocritus
408 3368 487 3415 non
505 3342 652 3442 quidem
667 3345 834 3434 sustulit,
854 3346 919 3421 'sed
937 3364 1065 3423 tamen
1084 3351 1243 3426 labefac-

221 3462 318 3541 tavit.
332 3462 382 3535 Et
405 3458 585 3533 mundum
603 3458 750 3558 quidem
772 3461 926 3538 fortuito
952 3480 1155 3542 atomorum
1182 3470 1289 3569 vel‘·

221 3578 422 3656 necessario
440 3576 556 3677 potius
580 3603 756 3653 concursu
775 3590 906 3654 natum
923 3606 1018 3671 esse,
1037 3583 1161 3657 statuit
1177 3613 1186 3656 ι
1201 3602 1243 3660 et

75 3781 80 3794 Ι
200 3694 433 3797 opinionem
457 3693 504 3767 de¹
527 3697 563 3767 vi
590 3710 626 3768 et
651 3695 880 3832 providentia
905 3698 1242 3801 SummilNorninis
1288 3724 1291 3729 ·

96 3856 108 3871 ·
221 3840 299 3890 non
325 3811 469 3888 aliunde
497 3812 699 3902 exstitisse,
729 3815 797 3890 nisi
822 3840 869 3890 ex
892 3828 1036 3890 terrore
1056 3833 1096 3893 et
1119 3819 1242 3893 admi-

219 3932 383 4006 ratione
395 3957 517 4037 rerum
540 3933 778 4006 occultarum
777 3948 824 4007 et
851 3933 1081 4044 ignoratione
1112 3958 1241 4009 causa-

202 4065 326 4136 ·rurn3
353 4065 390 4121 ut
419 4048 527 4146 ipsius
551 4049 750 4122 Democriti
780 4048 900 4122 verbis
921 4051 1080 4122 ostendit
1105 4050 1239 4137 Sextus

217 4162 436 4265 Empiricos.
466 4168 563 4255 Hinc
588 4164 718 4264 passim
742 4163 813 4241 alii
827 4166 981 4242 eandem
1006 4167 1237 4250 celebrarunt
