2632 4994
511 368 641 460 (2¹)

62 531 226 613 aegrotos
252 518 444 591 restituisse
463 516 601 591 sanitati
616 575 624 606 ,
642 534 808 591 mortuos
830 520 936 595 etiam
959 521 1004 592 ad
1030 522 1085 592 ri·

60 647 138 705 tam
158 657 331 709 revocare
346 648 494 708 conatus
511 649 610 708 esset
632 633 729 706 Hinc
749 633 806 717 ille
822 636 977 734 Orphei,
997 635 1087 708 Her·

61 749 169 836 culis,
193 752 326 825 Thesei
351 753 395 825 ad
424 751 558 823 inferos
587 748 787 825 descensus
815 752 913 824 Hinc
940 752 995 825 illa
1019 780 1085 850 per
1148 836 1154 847 ¹

63 869 257 943 Graeciam
285 883 322 942 et
346 867 515 944 barbaras
540 883 663 967 gentes
693 885 908 958 tvxompmta,
933 895 993 941 seu
1002 869 1087 949 loci

62 982 124 1055 ubi
138 976 406 1058 defunctorum
432 983 544 1057 animi
567 1008 612 1056 ex
640 981 796 1055 inieris
787 1010 824 1054 m
846 971 1086 1082 conspectum

62 1115 97 1170 et
128 1102 348 1201 colloquium
378 1101 579 1175 viventium
609 1098 865 1173 excitarentur
896 1101 994 1172 Hinc
1025 1101 1086 1173 itta

60 1217 201 1312 Orphei
217 1218 413 1292 etMusaei
432 1216 556 1315 religio
572 1214 831 1316 mysteriorum
845 1242 854 1302 ;
878 1240 971 1313 quae
995 1231 1031 1288 et
1048 1214 1086 1289 in

63 1330 136 1404 ha'c
163 1333 240 1409 vita
258 1335 409 1432 propius
425 1360 509 1408 cum
533 1333 600 1434 piis
621 1331 878 1405 defunctorum
897 1331 1026 1405 animis
1049 1348 1089 1406 et

10 1492 16 1503 «
61 1447 140 1520 Diis
152 1448 417 1524 immortalibus
436 1449 696 1536 commercium
714 1447 940 1536 ostendebat,
956 1464 993 1522 et
1009 1463 1090 1547 post

38 1565 159 1660 ,hanc
183 1565 298 1643 vitam
326 1595 429 1667 spem
458 1567 628 1643 felicioris
657 1565 875 1640 conditionis
906 1565 1087 1639 faciebat:

60 1709 152 1782 quae
168 1685 338 1817 profecto
349 1685 476 1782 religio
490 1682 696 1784 numquam
714 1699 853 1757 tantam
867 1681 960 1816 apud
975 1686 1086 1762 Grae·

18 1836 21 1843 ·
61 1825 122 1873 cos
138 1802 386 1875 auctoritatem
399 1800 594 1875 sanctitatis
609 1816 716 1874 nacta
733 1799 870 1887 fuisset,
885 1799 953 1873 nisi
969 1813 1086 1872 certae
1107 1830 1118 1865 ι

62 1914 107 1987 de
141 1916 346 1993 animorum
379 1918 650 1992 immortalitate
680 1916 867 2015 opinioni,
898 1932 1087 2014 tamquam
1138 1942 1147 1961 ·

64 2031 330 2121 fundamento,
357 2046 603 2132 superstructa
622 2030 755 2108 luisset.

112 2148 326 2223 Incredibile
348 2148 446 2220 dictu
467 2160 540 2234 est,
564 2146 609 2219 A.
634 2144 699 2231 H.,
719 2157 895 2242 quantam
919 2144 996 2218 vim
1016 2145 1088 2219 ba·
1129 2160 1148 2195 ³

52 2242 178 2349 ,beant
197 2264 241 2336 ad
262 2264 489 2336 animosnon
503 2277 642 2334 tantum
663 2259 778 2356 vulgi,
800 2257 862 2332 sed
880 2260 1087 2357 politiorum

63 2381 175 2453 etiam
203 2379 417 2466 hominum,
450 2404 510 2451 res
537 2401 657 2452 novae
684 2393 720 2450 et
749 2376 931 2452 obscurae.
957 2380 1086 2481 Neque

40 2524 148 2571 -raru
173 2497 312 2571 facilius
338 2494 521 2570 credimus
547 2510 586 2569 et
615 2494 809 2568 studiosius
836 2511 1086 2571 consectamur

59 2640 119 2688 res
138 2612 291 2700 abditas,
315 2637 403 2711 quas
418 2610 625 2705 ‘intelligere
642 2635 720 2681 non
744 2638 950 2714 possumus,
976 2616 1091 2708 quam
1134 2663 1137 2668 <

62 2753 141 2813 eas,
164 2755 251 2828 quas
277 2740 483 2826 praesentes
509 2722 700 2796 manifesto
724 2748 834 2811 sensu
857 2723 1088 2820 percipimus.

46 2845 179 2918 'Eccel
203 2847 343 2942 saepius
369 2843 591 2940 gloriamur,
618 2862 684 2912 nos
714 2837 784 2910 tale
813 2837 937 2912 vivere
963 2865 1088 2915 saecu·

61 2961 157 3046 lum,
180 2975 242 3044 ut,
270 2959 419 3056 'disjecta
446 2958 588 3056 penitus
614 2955 719 3030 omni
742 2955 1020 3055 superstitione,
1046 2955 1087 3029 in

62 3075 225 3177 quodam
246 3074 412 3147 scientiae
440 3074 578 3147 lumine
603 3097 799 3148 versemur.
830 3074 883 3149 Et
906 3093 974 3149 nos
999 3074 1092 3174 ipsi,

62 3188 163 3294 quod
189 3191 267 3265 sine
299 3189 509 3288 arrogantia
537 3190 660 3264 dicere
690 3218 899 3289 possumus,
927 3192 965 3267 in
992 3191 1084 3291 poli·

61 3307 214 3383 tioribus
242 3305 404 3405 gentibus
433 3306 532 3380 haud
567 3309 734 3382 infimum
764 3325 931 3385 tenemus
957 3311 1087 3385 locum
1163 3316 1169 3331 ‘

62 3427 115 3499 Et
132 3441 255 3500 tamen
276 3423 456 3546 hodieque
476 3426 664 3525 sortilegae
688 3443 771 3502 sunt
790 3428 973 3515 aniculae,
995 3454 1088 3526 quae

64 3545 332 3644 profiteantur,
358 3569 395 3616 se
422 3570 525 3618 nosse
555 3572 631 3644 quo
663 3547 910 3643 pervenerit,
945 3542 972 3616 si
1002 3543 1114 3642 quid

64 3661 162 3734 furto
186 3661 345 3734 ablatum
373 3663 428 3736 sit.
455 3665 557 3759 Quae
581 3663 729 3757 quidem
754 3659 913 3732 aniculae
933 3685 1010 3732 non
1037 3685 1089 3730 es·

67 3792 172 3864 sent,
197 3776 265 3850 nisi
286 3755 402 3849 essent
421 3778 510 3852 aliae
529 3777 689 3850 aniculae
712 3791 749 3847 et
776 3776 842 3848 virt
833 3775 997 3850 similes
1015 3775 1091 3846 ani·

69 3893 173 3980 culis,
198 3918 261 3992 qur
251 3889 430 3962 ''fidem
407 3917 449 3963 us
469 3892 658 3965 haberent.
680 3889 803 3986 Quid?
828 3917 955 3964 reeens
974 3890 1097 3968 adhuc

73 4022 130 4080 est
165 4006 661 4106 memoriaSuedenborgii,
689 4033 798 4107 quem
827 4009 1027 4094 Vestrum,
1055 4025 1094 4084 ut
1183 4092 1199 4118 ν

18 4142 21 4149 ’
77 4120 226 4221 opinor,
247 4124 345 4198 haud
366 4125 470 4223 pauci
496 4123 532 4197 in
552 4127 619 4199 hac
639 4126 726 4201 urbe
744 4123 937 4224 degentem
961 4139 1094 4226 cogno-

79 4253 224 4318 verunt.
249 4240 320 4315 Hic
343 4268 432 4317 vcro
450 4262 548 4344 xquae
578 4261 786 4348 quantaque
813 4243 974 4348 prodigia
1002 4271 1098 4323 com·-
