2632 4994
436 344 438 351 ’
541 375 544 383 ’
608 353 742 454 (25)

160 535 225 610 spa
243 507 501 608 praemiorum,
524 519 562 579 et
579 519 682 579 metu
692 486 906 604 'poenarum
925 521 1006 606 post
1020 508 1113 599 banc
1127 504 1191 592 vt„
1281 598 1284 609 ¹

159 644 243 701 tam.
266 625 315 699 Et
339 625 511 701 videntur
528 622 684 698 omnino
707 623 788 720 ejus
802 622 858 696 rei
881 627 985 697 causa
999 625 1187 701 etiamin-.

159 743 308 819 terioris
333 743 520 819 doctrinae
544 741 589 817 de
614 742 753 815 Natura
776 767 903 817 rerum
929 758 1048 839 partes
1079 741 1178 817 haud
1227 738 1230 743 ’

157 888 293 962 paucae
320 889 386 962 per
405 859 662 963 mysteriorum
679 861 772 950 ritus
789 858 1024 964 adumbratae
1048 859 1176 934 fuisse:

156 980 256 1078 quod
285 1006 370 1075 cum
392 979 536 1055 aliunde
563 976 765 1077 colligitur,
790 993 871 1054 tum
900 977 999 1053 haud
1026 979 1179 1051 obscure
1294 980 1297 985 ’

156 1095 373 1194 significavit
396 1096 545 1184 Cicero,
568 1094 630 1168 ubi
658 1094 767 1180 dicit,
794 1096 975 1194 mysteriis
996 1078 1190 1194 explicitis

155 1227 193 1283 et
219 1213 273 1286 ad
295 1215 480 1293 rationem,
499 1213 694 1301 revocatis,
719 1197 838 1285 rerum
862 1211 979 1308 magis
1011 1228 1179 1284 naturam

160 1352 269 1425 quarn,
290 1331 450 1402 Deorum
478 1328 657 1427 cognosci.
1190 1414 1193 1421 .

204 1445 282 1523 Sed,
303 1447 549 1548 antiquissima
568 1448 626 1521 itta
650 1460 796 1532 aetate,
820 1471 1041 1545 quamquam
1063 1445 1180 1546 philo·

155 1560 306 1659 sophiae
326 1589 466 1638 nomen
488 1563 652 1639 nondum
675 1564 871 1638 inventum
889 1577 1002 1649 esset,
1027 1589 1084 1635 res
1101 1562 1207 1667 ipsa!

153 1693 283 1752 tamen
304 1695 406 1770 erat,
429 1685 579 1783 ejusque
591 1682 747 1767 studium
763 1682 1003 1769 tractabatur,
1024 1694 1186 1779 eratque„

153 1794 309 1906 duplex,
331 1825 352 1872 a
373 1825 452 1899 quo.
473 1816 712 1897 tractaretur,
742 1801 938 1876 hominum
954 1825 1080 1900 genus
1103 1795 1178 1871 Alii

152 1914 345 1989 tradebant
371 1916 589 1992 interiorem
618 1918 858 2015 doctrinam,
874 1943 966 2018 quae
990 1919 1096 1992 rebus
1122 1915 1178 2001 di·

152 2029 250 2111 vinis
285 2046 323 2102 et
364 2036 588 2107 naturalibus
616 2037 852 2117 continetur,
889 2034 1178 2129 dicebanturque

154 2147 351 2249 Theologi,
373 2149 495 2249 quales
515 2150 664 2222 luerunt
691 2148 739 2235 ii,
763 2175 854 2249 quos
876 2148 987 2222 modo
1008 2149 1177 2222 nomina·

154 2265 300 2352 vimus,
323 2265 537 2354 Dardanus,
560 2267 696 2356 Linus,
725 2269 914 2354 Musaeus,
943 2282 981 2340 et
1012 2266 1190 2366 inprimis,

155 2381 325 2479 Orpheus
356 2411 364 2454 :
393 2381 452 2455 alii
470 2408 527 2457 res
551 2385 752 2472 humanas,
780 2386 803 2457 i.
829 2411 861 2458 e.
894 2411 1040 2459 morum
1068 2383 1185 2458 disci-.
1235 2397 1238 2401 ’

152 2496 291 2599 plinam
319 2514 359 2571 et
384 2497 580 2573 disserendi
600 2501 779 2575 rationem
802 2501 1026 2590 tractabant,
1047 2518 1089 2602 'et
1107 2529 1176 2576 ve-

150 2615 331 2712 terisaevi
350 2643 390 2692 ac
408 2618 572 2692 virorum
587 2618 736 2705 fortium
752 2619 846 2699 facta
864 2621 1063 2719 posteritati
1077 2646 1176 2694 com·
1240 2686 1244 2699 .

152 2732 397 2821 mendabant;
415 2760 488 2834 quo
507 2734 553 2808 in.
564 2759 699 2830 genere
721 2734 867 2807 fuerunt
881 2737 1085 2825 Homerus,
1104 2736 1177 2813 He,

149 2848 268 2926 siodus
293 2867 333 2925 et
350 2844 417 2924 biii.
445 2854 530 2927 Jam
550 2848 752 2947 theologiae
775 2873 838 2921 seu
862 2846 1050 2946 physices,
1072 2849 1186 2944 (nam¹

151 2967 241 3040 haec
271 2966 345 3039 duo
374 2967 525 3042 nomina
550 2965 716 3041 eamdem
741 2991 822 3038 rem
844 2963 1046 3062 significant
1071 2980 1177 3038 vete·

151 3109 235 3153 rum
269 3083 545 3178 consuetudine)
576 3087 683 3181 hujus
714 3083 831 3182 igitur·
849 3077 1056 3180 disciplinae
1083 3107 1184 3182 quae
1231 3136 1243 3171 .,

133 3197 263 3270 ,luerit
278 3196 389 3284 rati0,
416 3194 584 3297 quodque
602 3199 839 3274 intercesserit
859 3199 953 3274 inter
971 3227 1050 3274 eam
1075 3214 1112 3275 et
1128 3200 1176 3272 al-

153 3330 291 3402 teram,
316 3334 409 3415 quae
424 3331 552 3420 'postea
568 3343 636 3414 per
650 3316 836 3393 Thaletem
857 3316 1000 3391 inducta
1020 3333 1092 3406 est,
1108 3317 1175 3402 dis,-

154 3431 315 3519 crimen,
335 3458 516 3532 exponam
537 3435 640 3509 vobis
661 3462 706 3509 ex
725 3436 939 3525 Plutarcho,
954 3433 1175 3534 praestantis-

154 3547 247 3621 simo
267 3548 464 3647 scriptore,
486 3532 548 3650 qui
572 3567 676 3625 acute
695 3554 790 3626 hanc
815 3554 853 3626 in
878 3579 956 3623 rem
978 3550 1182 3640 dissentio,
1244 3648 1247 3653 ι

152 3665 252 3739 libro
279 3667 335 3740 De
358 3666 588 3742 oraculorum
611 3669 765 3742 delectu.
796 3699 813 3731 «
844 3670 930 3739 Cum
954 3667 1046 3739 duaa
1071 3669 1175 3756 sint,
1250 3652 1253 3657 ⁵

154 3783 299 3883 inquit,
324 3809 474 3871 causac,
501 3769 634 3884 quibus*
656 3809 777 3855 rerum
796 3797 929 3855 nutura
954 3787 1177 3874 continetur,
1249 3869 1254 3878 ι

155 3902 275 3977 ultera
301 3899 460 3992 efficiens
478 3924 589 3998 euque
603 3898 867 3996 praestantior,
893 3900 1010 3973 alteru
1027 3900 1177 3997 patiens,

158 4042 267 4117 euque
286 4016 462 4103 deterrbr,
479 4041 550 4088 seu
563 4015 741 4102 muteria;
761 4016 1007 4116 antr‘quissimi
1019 4017 1180 4117 theologi

158 4149 194 4208 et
203 4144 331 4230 pot'tue
353 4135 434 4211 sold
459 4135 521 4208 usi
538 4150 624 4211 sunt
639 4134 812 4240 efficiente
839 4134 953 4240 carrd
963 4193 975 4242 ,
1000 4135 1068 4212 hoc
1084 4161 1171 4239 per-v
