2632 4994
521 460 524 465 .
588 393 604 484 (
635 380 695 466 tor
725 395 741 484 )
799 443 805 463 .

154 524 350 638 piurir'nuin
369 537 414 611 ab
431 535 618 611 harmonid
637 536 788 621 differre
809 544 966 644 :quippe
978 547 1172 623 ,harmonia

153 668 243 731 tum'
262 654 409 731 demum
442 656 585 742 existit,
613 671 726 754 quum
747 658 827 757 lyra
856 662 1000 737 chordis
1026 682 1061 744 et
1086 667 1173 741 reli-

152 775 233 871 q'uis
253 774 411 872 partibus
447 789 543 870 apta·
571 772 765 874 pulsatur:
789 768 929 850 abimus
962 780 1030 853 suit
1065 781 1172 853 ‘etiam

153 886 260 977 tunc,
275 878 395 991 ¹quum
412 908 544 994 corpus
558 883 724 962 nondum
745 909 860 965 essen
874 895 990 994 Atqui
1005 898 1081 970 ‘bac
1101 905 1172 971 und

151 1006 434 1109 interrogatione
456 1011 528 1104 jam
553 1005 726 1106 defungi,
748 1023 853 1107 atque
876 1012 920 1080 ad
942 1015 1084 1091 Cebetis
1103 1015 1173 1088 du-‘

129 1136 131 1143 ’
150 1125 365 1229 bitationeui
382 1127 538 1199 transire
551 1121 693 1224 possim.
712 1110 851 1198 Verum
866 1150 943 1198 non
958 1154 1061 1225 agam
1077 1148 1172 1204 tam-

150 1243 261 1342 ‘quam
285 1256 507 1341 geometrae,
527 1241 587 1342 qui
613 1242 783 1317 brevibus
806 1243 1104 1331 conclusiunculis
1126 1272 1172 1324 ex

150 1357 219 1445 iis,
247 1387 338 1461 quae
357 1372 469 1435 ‘antea
496 1374 666 1434 concessa
685 1376 789 1447 sunt,
805 1374 1066 1456 argumentum
1081 1384 1171 1440 'con-
1258 1373 1261 1378 ’

148 1475 275 1551 ficiunt
300 1479 396 1571 :sed
424 1480 581 1578 propriis
609 1495 643 1552 et
666 1479 737 1553 suis
759 1478 984 1573 argumentis
1002 1490 1173 1556 nostram

147 1597 394 1726 quaestionem
425 1597 569 1669 uberius
605 1596 853 1694 disceptemus.
888 1595 993 1692 Quod
1012 1599 1070 1670 εἷ’
1082 1622 1173 1694 ergo

139 1709 229 1809 ¹quis
244 1720 385 1801 tuetur,
404 1716 568 1786 animum
594 1739 669 1786 esse
695 1711 949 1799 hermeniam,
970 1712 998 1786 is
1023 1714 1173 1787 barmo-

146 1826 247 1900 niam
269 1769 676 1962 tamqirarn'commune
701 1829 915 1903 attributum
939 1812 1106 1904 omnibus
1132 1846 1173 1904 et

144 1943 292 2043 singuiis
316 1945 446 2017 animis
472 1936 636 2018 tribuere
652 1943 797 2018 debet.
815 1948 922 2019 Ja'm
935 1969 1042 2029 vero,
1066 1945 1171 2017 sicuti
1245 1977 1247 1990 ·

144 2061 350 2145 harmonia
357 2060 427 2165 alia
447 2062 558 2157 magis
574 2075 625 2132 est
643 2049 861 2144 harmonia,
885 2083 994 2156 quam
1014 2058 1103 2150 aiia;
1121 2061 1172 2134 ita
1272 2080 1280 2091 ‘

147 2202 227 2250 non
255 2158 411 2275 eddam
413 2176 552 2249 ratione
582 2175 653 2248 dici
693 2167 833 2275 potest,
850 2175 1025 2271 animpm
1054 2158 1173 2254 aiiuru
1209 2218 1217 2231 ·

142 2292 351 2393 magisesse
375 2295 558 2376 animum,
583 2302 693 2394 quam
714 2291 835 2366 alium.
860 2292 1004 2382 Porro,
1032 2296 1070 2366 iu
1093 2322 1172 2368 cor-

142 2437 236 2510 pore
274 2437 340 2512 per
370 2404 659 2486 harmoniam
631 2438 705 2485 sive
732 2398 1068 2600 stemperamentum
1099 2395 1171 2487 hu·
1258 2424 1263 2429 ’

141 2527 252 2601 moris
273 2544 312 2600 et
332 2529 518 2615 siccitatis,
537 2528 661 2601 caloris
687 2527 750 2602 ets
748 2529 897 2628 rigoris,
923 2520 1076 2619 efficitur
1093 2532 1170 2631 qui·

141 2644 228 2720 dem
259 2645 425 2719 sanitas-t
448 2644 512 2716 sed
539 2647 591 2718 vis
611 2643 748 2730 animi,
772 2670 862 2740 quae
885 2647 926 2714 in
951 2639 1169 2741 cogitatione

138 2762 270 2860 posita
280 2773 356 2851 est,
389 2759 586 2891 quompdo
599 2759 686 2831 inde
702 2758 818 2861 possit
846 2756 968 2829 effici?
986 2749 1057 2832 Et
1064 2760 1168 2836 vide-

140 2905 222 2953 mus
252 2882 534 3009 nonnumquam
576 2876 615 2947 iu
645 2872 858 2972 corporibus
887 2864 1168 2965 robustissimis,

139 2995 342 3067 maximum
364 2993 480 3066 inesse
503 2990 638 3091 ingenii
655 3005 870 3090 stuporem.
885 2988 1065 3064 contrairi
1084 3019 1168 3066 cor-

140 3109 289 3208 poribus
310 3108 403 3183 maie
426 3109 633 3207 temperatis
654 3122 692 3180 et
713 3106 865 3182 adversa
888 3108 1096 3185 valetudine
1115 3111 1167 3184 ai·

139 3225 246 3299 fectis
263 3225 360 3298 haud
385 3249 468 3297 raro
491 3223 688 3323 plurimum
709 3222 843 3321 ingenii
856 3246 858 3251 '
872 3225 1014 3318 elucere
1036 3227 1164 3327 depre-

139 3343 343 3419 hendimus.
361 3344 418 3417 'Et
437 3340 491 3422 ,de
519 3343 708 3417 harmonia
731 3340 901 3419 Simmiae
925 3345 1006 3421 satis
1028 3346 1181 3424 dictum*

140 3486 214 3534 esse
237 3450 413 3535 videtur:
439 3458 720 3555 consideremus
741 3463 816 3557 jam
852 3461 992 3536 Cebetis
1013 3458 1174 3535 *disere-r

138 3579 314 3677 pautiam.
343 3576 525 3653 Nimirum
549 3579 713 3677 placebat
738 3576 821 3658 tibi,
842 3601 864 3645 ο
878 3576 1005 3659 Cebes,
1018 3575 1186 3649 etiamsi*

138 3695 282 3770 animus
312 3697 351 3769 iu
380 3695 498 3768 multis
529 3711 637 3765 antea
673 3687 884 3784 corporibus
928 3688 1077 3778 fuisset,
1106 3695 1160 3768 nii

137 3829 259 3885 tamen
282 3810 482 3908 impedire,
507 3807 702 3909 quominus
726 3801 960 3878 diuturnitate
985 3810 1159 3907 temporis

138 3936 369 4004 consumatur
382 3940 417 3998 et
435 3922 627 4024 aliquando
643 3921 809 3994 intereat.
830 3918 878 3995 Et
900 3950 989 3997 vero
1005 3926 1159 4026 maguae
1258 3924 1261 3929 ’

136 4045 354 4149 quaestionis
383 4039 844 4144 disputationemmoves,
874 4044 907 4111 o'
922 4040 1046 4115 Cebes.
1076 4034 1157 4118 Eri-

138 4160 305 4260 piicanda
327 4146 425 4239 enim
446 4175 497 4248 'e'st
520 4156 575 4245 vis
594 4162 770 4262 ’ῐιειῑιιιείθἔ
786 4182 919 4246 rerum·
936 4159 1037 4237 ortus
1047 4176 1156 4264 atque
