2632 4994
242 544 332 619 mihi
349 543 495 628 omnia,
517 562 605 639 quae
624 529 805 634 bucusque
821 536 1013 634 exposuisti
1035 553 1263 634 argumenta,

242 689 335 737 vana
363 676 398 733 et
421 658 571 731 'infirma
600 677 685 726 esse.
710 649 820 740 Vide,
845 667 884 725 ut
905 654 974 727 hoc
992 667 1076 727 utar
1095 710 1106 740 ,
1126 680 1268 733 sonum

242 783 343 881 lyrae
365 804 427 851 seu
445 770 692 856 harmoniam,
709 783 803 870 quae'
819 767 1025 858 invisibilis,
1047 776 1278 869 acorpored.

241 893 472 971 concretione
491 885 623 971 libera,
645 901 681 959 et
698 884 854 960 omnino
878 885 1022 987 aliquid·
1038 886 1155 961 divini
1180 903 1234 963 est
1255 913 1267 961 s

242 1016 326 1087 cum
343 1002 476 1094 ‚tamen
499 1029 563 1091 ea,
590 1001 788 1103 exquibus
817 1003 940 1079 existit
970 1007 1183 1096 harmonia,
1207 1007 1267 1119 qi-

241 1132 377 1203 mirum
399 1125 477 1221 ipsa
499 1123 600 1220 lyra,
631 1123 779 1221 ejusque
799 1122 957 1196 chordae
985 1136 1021 1196 et
1043 1121 1130 1198 aliae
1144 1140 1276 1222 partes'

239 1244 316 1320 sint
340 1264 550 1340 corporeae.
572 1238 674 1336 ,Quid
700 1237 827 1338 igitur,
851 1239 933 1349 tyra
957 1237 1267 1340 fractd,'ejusque
1302 1332 1308 1345 Ι

241 1359 390 1445 chordis
411 1356 543 1455 ruptis,
564 1356 813 1456 dissolutisque
844 1354 1024 1455 partibus,
1043 1381 1171 1432 nonne
1189 1357 1267 1456 ipsa
1296 1430 1299 1435 .

238 1473 431 1553 harmonia
453 1471 620 1545 interiit?
646 1474 711 1547 An
735 1498 826 1546 vero
852 1499 937 1548 eum
960 1474 1177 1571 probemus,
1202 1473 1267 1573 qui

194 1592 213 1636 ‘
240 1590 463 1676 contendat,
484 1584 716 1685 harmoniam
730 1587 995 1662 adhucalicubi
1012 1616 1110 1678 esse,
1131 1591 1267 1690 quippe

239 1735 332 1809 quae
365 1707 410 1780 sit
440 1708 653 1802 incorporea
678 1717 717 1775 et
744 1701 861 1775 multo
895 1704 1162 1800 praestantioris
1195 1710 1268 1780 ria-

227 1840 365 1913 .turae,
388 1849 496 1924 quam
516 1824 594 1919 lyra
619 1834 658 1891 et
692 1816 880 1891 chordae?
905 1819 988 1891 Hoc
1017 1818 1125 1916 igitur
1157 1822 1270 1897 velim

241 1941 403 2041 cogites,
425 1966 448 2015 o
472 1930 659 2024 Socrates,
685 1935 877 2035 plerosque
901 1935 1083 2024 homines,
1103 1962 1174 2010 nec
1195 1936 1267 2011 for·

239 2073 335 2134 tasse
361 2072 529 2141 temere,
557 2051 747 2136 arbitrari,
777 2051 944 2126 animum
967 2051 1022 2124 nii
1049 2051 1142 2126 aliud
1171 2079 1265 2142 esse,

238 2173 507 2276 nisi'quandam
525 2168 687 2269 corporis
700 2169 932 2245 harmoniam
949 2184 985 2244 et
1002 2164 1262 2257 intentionem,

239 2318 332 2391 quae
361 2291 497 2361 oriatur
518 2310 565 2358 ex
583 2287 681 2381 justo
711 2300 997 2385 temperamento
1019 2287 1112 2386 ignis
1131 2302 1167 2362 et
1191 2289 1265 2362 hu-

237 2403 371 2489 moris,
403 2399 533 2475 caloris
559 2415 598 2473 et
622 2400 766 2498 frigoris
790 2426 799 2470 :
825 2429 917 2501 quae
947 2401 976 2476 si
999 2405 1094 2501 juste
1124 2421 1266 2506 tempa-b

236 2537 319 2598 rata
336 2533 407 2594 suu
419 2544 459 2590 m
482 2541 634 2613 corpore
644 2569 658 2599 1,
676 2541 842 2588 animum
861 2519 1005 2611 vigere:
1024 2514 1080 2592 sin
1105 2547 1194 2596 vero
1211 2510 1275 2597 ni·¹

237 2637 354 2715 mium
375 2635 432 2710 vel
449 2631 710 2716 intendantur,
730 2632 1051 2722 velreruittuntur,
1080 2650 1157 2713 tum
1180 2666 1266 2715 vero

237 2756 403 2831 animum
424 2749 583 2838 destrui,
607 2773 828 2850 quamquam
860 2747 908 2824 sit
931 2750 1050 2824 multo
1081 2759 1267 2853 praestan·

239 2872 343 2948 tioris
374 2883 549 2955 naturae,
574 2891 686 2966 quam
706 2891 849 2965 corpus.

288 2989 386 3062 Tum
409 2987 602 3068 Socrates,
631 2982 946 3082 circumspiciens,
973 2998 1014 3058 ut
1037 2985 1200 3072 solebat,
1230 3005 1266 3065 et

240 3105 342 3179 vultu
359 3101 491 3178 leniter
505 3098 551 3173 ad
567 3096 680 3170 risum
696 3097 823 3185 soluto,
839 3100 951 3172 Recte
963 3156 973 3187 ,
986 3099 1126 3200 inquit,
1145 3129 1268 3204 repre·

240 3219 378 3295 beusus
397 3243 478 3289 sum
509 3212 700 3289 aSimmid
725 3213 819 3288 :sed
857 3215 1063 3305 videamus,
1096 3244 1188 3319 quae
1219 3224 1267 3297 sit

239 3329 381 3408 Cebetis
403 3330 647 3430 reprehensio.
672 3331 723 3405 Et
742 3333 874 3421 Cebes,
897 3334 1033 3407 etiamsi
1052 3333 1137 3423 tibi,
1161 3360 1185 3409 ο
1202 3339 1288 3421 So,

239 3465 378 3538 crates,
399 3447 623 3534 concedam,
647 3444 740 3523 bene
762 3476 784 3523 a
804 3465 839 3523 te
856 3448 1148 3527 demonstratum
1163 3479 1266 3543 esse,

201 3580 206 3585 “
239 3563 382 3640 animos
407 3561 740 3662 vivereantequam
763 3563 802 3636 in
820 3565 908 3640 haec
925 3568 1267 3667 corporavenient‘;

240 3683 374 3759 videris
394 3679 483 3758 mihi
497 3695 621 3756 tamen
637 3680 687 3754 nil
707 3681 898 3782 profecisse
919 3683 966 3758 ad
988 3684 1267 3765 immortalitatis

240 3799 616 3888 demonstrationem,
641 3800 704 3873 sed
728 3800 860 3876 eodem
884 3802 1033 3876 haerere
1058 3803 1267 3882 1000.an

240 3917 341 3990 enim
365 3940 480 3990 unum
499 3917 733 4016 consequitur
750 3920 835 4009 hoc,
852 3919 1021 3995 animum
1037 3920 1208 3995 firmioris
1224 3950 1266 3999 ac

122 4028 125 4033 ’
242 4032 479 4109 diuturnioris
497 4060 571 4110 esse
587 4050 763 4122 naturae,
786 4062 896 4134 quam
915 4063 1063 4134 corpus,
1086 4060 1163 4110 non
1176 4066 1267 4117 vero

244 4149 369 4256 etiam,
386 4178 471 4230 eum
489 4176 564 4229 esse
578 4150 818 4250 sempiternae
833 4168 996 4236 naturae.
1017 4153 1141 4254 Neque
1161 4157 1268 4235 nobis
