2632 4994
608 406 612 413 '
663 401 753 500 (92
775 401 823 501 >1

132 540 141 549 ’
234 546 334 631 rihus
361 570 371 621 t
396 548 445 635 ita
467 574 537 627 nec
563 549 775 625 dissolvetur
802 547 1051 651 ani'musjsed
1068 546 1267 635 ¹constabit

232 678 340 767 atque
370 667 562 755 subsistet,
585 681 629 741 -et
664 668 701 741 in
734 666 935 766 simplicem
965 663 1271 764 invisibilemque,

232 781 355 867 locum
376 783 519 872 abibit,
533 785 595 884 qui
620 803 675 860 est
702 783 1008 884 ipsius'veritatis.
1030 807 1074 857 au
1094 766 1271 893 sepienti}
1292 840 1297 853 .

233 900 326 977 irtus
344 919 381 977 et
399 905 652 1003 sapientissimi
670 906 739 980 nn
755 903 981 981 dometium
1000 924 1010 974 ι
1028 927 1101 1002 quo
1128 914 1165 983 et
1189 888 1269 998 em

225 1042 319 1099 ‘mox
339 1023 572 1119 perveniam,
598 1023 774 1124 siquidem
799 1047 886 1101 vero
906 1015 1119 1118 sinceroque
1137 1015 1265 1101 animo

232 1132 482 1237 philosophiae
494 1164 641 1239 operam
658 1138 754 1225 dedi.
774 1140 840 1215 Est
852 1138 1039 1213 euim-hoc
1054 1132 1279 1234 philosophis

232 1251 418 1344 Officium,
452 1270 491 1331 ut
517 1258 650 1359 spretis
680 1255 961 1361 voluptatibus:
977 1252 1161 1337 ludibriie.
1184 1249 1259 1334 ml·

231 1368 450 1475 qisterioque
474 1378 664 1476 corporis,
687 1381 799 1453 animi
825 1378 902 1473 vim
925 1378 1024 1452 inse
1044 1373 1160 1474 ipsam
1185 1365 1265 1445 cota

174 1562 191 1589 Ι
213 1483 316 1585 ligat
331 1546 346 1578 ,,
363 1503 400 1575 et
423 1507 616 1566 convertat
636 1494 680 1565 ad
699 1494 1042 1593 contemplationem
1061 1511 1176 1590 purae
1188 1485 1264 1569 sin:

231 1626 408 1703 peraeque
427 1605 619 1695 honitatis,
649 1609 931 1704 pulchritudinis
950 1622 988 1689 et
1012 1606 1184 1687 veritatis·
1209 1601 1263 1709 Et,

230 1717 422 1816 intelligitis
440 1722 621 1823 profecto,
649 1723 748 1826 quod
771 1723 910 1824 saepius
934 1721 1111 1810 diximus,
1134 1720 1265 1819 philo«

231 1835 397 1934 sophiam
431 1865 506 1915 esse
543 1843 891 1919 commentationem
922 1838 1086 1915 mortis:
1123 1839 1268 1938 quippe

230 1966 323 2051 quae
337 1951 503 2033 animum
519 1982 539 2033 a
558 1963 723 2059 corporis
742 1959 914 2043 vinculis,
940 1954 1061 2058 quoad
1080 1958 1160 2052 ejus
1179 1953 1269 2038 fieti

229 2081 375 2167 potest.
398 2071 549 2165 liberata
567 2089 602 2148 et
625 2075 671 2149 ad
693 2074 862 2174 limpidus
889 2082 1081 2173 ¹certosque
1102 2070 1264 2153 veritatis

229 2182 442 2288 uirtutisque
465 2188 586 2265 fontes
606 2188 715 2265 ducit.
737 2194 883 2289 Quare,
910 2207 949 2266 ut
975 2170 1126 2290 quisque
1150 2184 1263 2270 miniv

129 2364 136 2381 .
229 2321 335 2397 mum
355 2327 440 2377 cum
463 2305 626 2401 corporis
652 2307 897 2406 voluptatibus
924 2306 1054 2382 hahuit
1078 2327 1263 2387 commer-

229 2414 437 2503 cii,.contra
453 2421 613 2496 maxime
633 2449 766 2520 purum
783 2441 994 2524 castumque
1013 2423 1060 2501 ab
1078 2426 1157 2521 ejus
1175 2447 1264 2505 cone

228 2533 376 2633 ta'gione
411 2537 564 2612 servarit
587 2540 772 2624 animum,
794 2539 842 2611 ita
868 2542 1020 2638 quisque
1044 2540 1179 2635 certius
1207 2538 1263 2621 ci-,.

230 2649 371 2753 fietque
392 2654 432 2727 in
453 2655 526 2730 illas
544 2655 716 2739 coelestes
739 2653 949 2756 divinasque
967 2655 1140 2755 regiones
1162 2671 1201 2739 et
1215 2655 1263 2737 ad

230 2763 332 2845 illurn
351 2771 545 2871 sapientiae
567 2771 712 2857 fontem
730 2774 853 2850 Deum
874 2773 1086 2873 perveniet,
1107 2773 1270 2868 ejusque·

230 2888 451 2964 commercio
469 2891 619 2967 beatum
630 2906 673 2964 et
694 2891 902 2966 immortale
922 2888 1030 2987 deget
1048 2910 1200 2973 aevum,
1222 2887 1265 2975 li,

207 2998 374 3082 heratus
400 3033 548 3097 errore,
573 3007 802 3106 ignorantie,
828 3007 1041 3096 timoribus,
1063 3021 1102 3079 et
1122 3002 1265 3104 cupidi·

129 3144 134 3157 ’
231 3120 381 3215 fatibus,
405 3125 536 3226 quihus
560 3124 672 3201 veluti
694 3124 795 3201 furiis
814 3127 1003 3228 agitantur
1023 3120 1147 3201 miseri
1163 3146 1264 3209 mor}
1293 3192 1298 3199 .

235 3237 338 3313 tales.
363 3241 502 3321 Contra
515 3258 530 3328 ,'
549 3242 612 3342 qui
633 3299 642 3333 ,
664 3243 752 3319 dum
776 3245 964 3331 viverent,
998 3244 1097 3317 hanc
1128 3237 1264 3321 mortis

233 3353 514 3439 meditationem
540 3359 882 3464 philosophiamque
908 3362 1167 3459 neglexerunt,
1200 3352 1265 3437 illle

234 3484 316 3567 post
329 3470 425 3546 hahc
442 3471 554 3549 vitam
569 3501 648 3550 non
665 3479 777 3553 modo
793 3478 931 3554 nullam
951 3470 1266 3560 felicitatemne

235 3588 436 3679 molestias,
463 3591 581 3666 taedia
602 3594 824 3697 timoresque
850 3610 996 3696 paratos
1016 3619 1111 3681 esse,
1138 3584 1273 3675 credie

142 3720 148 3730 “
234 3701 307 3780 hile
328 3721 390 3783 eat.
405 3708 501 3803 Quid
511 3711 640 3785 enim?
659 3713 720 3813 qui
732 3714 848 3788 vitam
864 3716 912 3787 ita
924 3719 1199 3815 transegerunt,
1222 3717 1264 3789 ut

234 3823 358 3899 omnia
385 3822 478 3901 facta
500 3829 721 3930 consiliaque
755 3833 801 3905 ad
824 3857 955 3932 corpus
977 3828 1160 3907 referrent
1185 3851 1193 3894 :
1221 3833 1271 3893 ut

234 3939 287 4013 nil
311 3968 440 4016 verum
465 3971 539 4019 esse
566 3964 761 4044 putarent,
786 3951 858 4023 nisi
882 3949 981 4050 quod
1006 3946 1072 4025 sub
1098 3935 1263 4036 WPOflS

233 4082 356 4132 sensus
386 4059 517 4136 cadere
543 4080 687 4162 posset:
705 4066 755 4137 nil
780 4068 945 4154 honum,
965 4067 1035 4141 nisi
1054 4055 1154 4158 quod
1179 4081 1262 4129 cor·

238 4175 320 4269 pori
335 4175 490 4274 aliquam
509 4180 747 4255 titillationem
771 4181 926 4255 adferret
946 4235 954 4255 .
973 4175 1041 4254 -vel
1064 4175 1146 4259 cibo
1155 4231 1173 4290 l
1205 4167 1260 4249 vul
