2632 4994
371 392 375 401 Ι
606 434 738 549 (aa)

140 582 350 693 *quisquam
374 599 554 688 praestet,
570 583 661 685 quin
690 587 786 675 hoc,
812 588 853 660 in
876 615 948 691 quo
970 615 1070 664 nunc
1091 584 1184 689 degi·

162 733 261 797 mus,
290 705 461 781 ultimum
477 706 525 779 sit
543 726 693 800 corpus,
720 728 794 803 quo
813 721 979 793 mortuo,
1004 707 1079 804 ipse
1099 732 1186 806 quo·

164 851 235 926 que
258 822 397 912 animus
420 821 516 895 mori
537 818 676 893 debeat.
692 808 763 891 Sed
777 824 944 921 exemplo
961 839 1059 912 utar,
1083 820 1190 897 sicuti

164 942 341 1021 Simmias.
368 941 441 1013 Fac
467 951 653 1012 mortuum
681 961 757 1009 esse
784 936 991 1027 hominem,
1022 939 1084 1040 qui
1110 938 1186 1038 ipse

163 1058 230 1134 sibi
256 1059 476 1136 vestimenta
510 1079 571 1128 sua
593 1044 790 1128 textuerit:
811 1051 963 1153 qualial
963 1056 1012 1128 uit
1036 1056 1189 1155 Hippias

163 1177 303 1252 Eleus.
330 1188 409 1248 tum
439 1172 573 1246 amicos
597 1169 797 1252 convenire
834 1171 876 1278 in
910 1171 987 1268 ejus
1012 1170 1188 1279 domum.

166 1307 230 1379 et,
254 1304 294 1363 ut
323 1289 389 1378 fit,
412 1287 571 1362 defuncti
607 1287 837 1360 mentionem
871 1284 1032 1360 facere:
1064 1271 1108 1361 ex
1135 1272 1209 1362 his

166 1432 255 1481 vero
279 1406 323 1481 sit
342 1433 454 1493 unus,
479 1432 540 1505 qur
532 1402 782 1492 '‚contendat
789 1402 978 1503 Hippiam
1001 1429 1081 1477 non
1099 1405 1192 1479 inte·

165 1521 263 1597 riisse
281 1580 290 1609 ,
308 1521 371 1598 sed
393 1521 520 1596 alicubi
536 1522 656 1595 adhue
678 1545 861 1619 superesse
887 1547 896 1589 τ
922 1521 1014 1627 etin
1039 1521 1118 1618 ejus
1137 1521 1192 1594 rei

157 1627 429 1712 ¹documentum
463 1636 606 1711 adferat
634 1652 750 1711 veste·
779 1636 965 1736 Hippiae,
997 1634 1190 1744 dicatque,

166 1756 293 1857 quodsi
316 1770 432 1829 vestes
454 1755 501 1828 ab
524 1754 657 1854 Hippia
674 1769 794 1828 textae
816 1754 1025 1853 supersint,
1046 1778 1192 1827 necesse

165 1873 322 1948 omnino
344 1897 439 1955 esse,
469 1871 587 1967 ipsum
610 1895 736 1943 earum
756 1885 938 1945 textorem
953 1870 1125 1967 Hippiam
1135 1896 1203 1969 sus
1296 1958 1303 1972 ἱ

166 2012 320 2087 pecasse.
342 1983 437 2082 Quid
460 2000 577 2081 putas,
598 1987 826 2057 oSocrates?
852 1976 994 2071 hancne
1013 1985 1199 2056 rationem

165 2116 389 2200 magnopere
418 2097 626 2198 probabunt
651 2096 871 2172 audientes?
900 2100 1015 2196 Igitur
1032 2100 1191 2182 animus,

136 2219 252 2295 tlicet
271 2215 381 2292 multa
399 2239 550 2314 corpora
572 2215 690 2289 ueluti
714 2204 933 2290 vestimenta
958 2215 1191 2306 contriverit,

167 2334 281 2434 iisque
308 2345 486 2432 superstes
501 2332 629 2421 suerit3
647 2346 771 2407 tamen
785 2334 865 2433 ipae
877 2332 1029 2408 sortasse
1048 2332 1194 2408 diutur-

167 2452 281 2525 nitate
304 2451 381 2524 aevi
407 2465 646 2545 conteratur
677 2466 712 2522 et
744 2450 877 2526 ultimo
905 2477 1060 2553 corpore
1087 2452 1194 2526 citius

166 2566 386 2644 dissolvatur

216 2688 317 2759 Haec
331 2700 521 2784 postquam
538 2682 636 2756 dicta
656 2699 776 2755 essent
794 2683 975 2758 aSimmid
989 2701 1024 2757 et
1040 2687 1192 2775 Cebete,

166 2830 311 2891 omnes,
335 2802 396 2904 qui
421 2800 516 2901 apud
531 2802 720 2873 Socratem
737 2798 926 2875 aderamus
940 2812 960 2888 ,'
971 2802 1095 2876 dolore
1112 2829 1194 2901 per·

167 2922 258 2995 cussi
273 2921 581 3019 vehementerque
596 2915 808 2991 conturbati
822 2920 1081 2993 sumusModo
1094 2918 1194 2995 eriim
1217 2958 1220 2962 >
1278 2966 1280 2971 ,

166 3062 235 3110 nos
260 3033 454 3132 disputatio
468 3032 627 3107 'Socratis
656 3032 697 3105 in
716 3061 896 3133 summam
915 3063 1018 3136 spem
1043 3037 1193 3119 immor·
1273 3098 1278 3103 .

166 3151 306 3229 talitatis
340 3148 554 3237 adduxerat,
587 3175 704 3251 neque
732 3153 930 3252 quidquam
961 3155 1059 3230 a'd
1028 3181 1106 3254 ejus
1134 3154 1193 3228 de·

137 3264 442 3368 ⁴monstrationis
456 3266 661 3342 firmitatem
674 3268 956 3370 requirebamus
981 3275 1088 3347 Nunc
1104 3298 1193 3378 vero
1245 3283 1249 3289 '
1308 3331 1313 3335 .

166 3386 339 3463 Simmiae
353 3401 388 3459 et
404 3373 569 3458 Cebetis
559 3387 822 3513 argumentatio
844 3404 961 3465 totam
980 3390 1076 3464 illam
1089 3414 1193 3489 spem

116 3522 118 3531 '
168 3507 314 3604 penitus
338 3503 498 3578 tollebat.
520 3501 635 3601 Igitur
659 3500 837 3582 continuo
861 3535 931 3578 nos
956 3505 1122 3593 incessit,
1156 3521 1197 3580 et

167 3628 330 3696 nostn'lm
349 3637 573 3709 contemtus,
598 3625 661 3721 qui
674 3641 751 3696 tam
772 3621 871 3693 facile
887 3617 1021 3691 assensi
1040 3645 1196 3697 essemus

167 3736 301 3811 rationi
329 3738 517 3811 Socratis:
542 3753 578 3811 et
599 3735 800 3809 diffidentia
825 3733 1006 3834 quaedam
1031 3752 1066 3810 et
1089 3737 1196 3809 duhiss

169 3854 258 3930 tatio
287 3853 454 3927 adversus
491 3878 640 3926 ornnem
669 3852 776 3948 hujus
813 3855 1021 3951 argumenti
1047 3834 1197 3927 conclu-

172 3970 310 4048 sionem
328 3985 425 4044 :tum
447 3995 536 4047 vero
554 3967 663 4067 ipsius
679 3968 924 4069 philosophiae
947 3996 1014 4046 nos
1033 3969 1197 4069 capiebat
1296 3970 1301 3983 '

173 4086 357 4185 despectus
384 4114 425 4162 ac
461 4079 646 4174 taedium,
675 4085 775 4189 quasi
811 4085 923 4162 multa
948 4103 986 4162 et
1016 4089 1197 4191 praeclara

173 4202 416 4309 polliceretur,
441 4207 503 4284 sed
531 4205 581 4280 nil
606 4205 809 4306 quidquam
830 4220 1036 4306 praestaret.
1056 4208 1196 4287 Verum
1293 4287 1295 4291 Α
