2632 4994
413 374 418 383 ·
480 382 521 431 .’
602 339 733 439 (ol
1131 441 1134 456 ,

157 481 330 581 solivagos
345 481 510 558 homines
529 482 577 557 ad
592 487 814 583 societatem⁴
825 486 920 562 vitae
942 488 1173 594 redegerunt,

156 610 199 680 a'c
209 602 331 701 legum
341 601 494 675 vinculis
507 603 815 691 constrinxerunt,
826 630 907 678 usos
919 629 994 679 esse
1009 609 1178 707 opinione

140 715 313 792 ¹Divinae
335 718 586 793 Providentiae
608 736 714 820 atque
737 722 1011 797 immortalitatis
1035 725 1179 799 animo·
1209 784 1217 799 ,
1303 748 1312 769 ’

155 818 238 909 rum
260 835 375 908 veluti
403 835 518 908 fulcro
543 861 587 908 ac
610 836 847 923 fundamento
865 843 976 911 statiis
1004 840 1116 912 civilis
1140 855 1209 913 et0

153 950 357 1037 communis
386 951 517 1022 salutis.
548 951 660 1048 lgitur
686 954 873 1049 Orpheus,
901 955 1180 1050 quoshomines

97 1093 103 1106 ’
153 1091 200 1140 ex
220 1071 349 1166 agresti
369 1083 404 1140 et
432 1067 588 1140 solitaria
608 1071 680 1140 vita
704 1070 748 1139 ad
774 1072 1065 1143 communionem
1091 1072 1180 1144 civi-

153 1183 239 1256 tatis
257 1182 483 1269 conciliavit,
505 1183 651 1255 eosdem
668 1183 835 1281 obligavit
860 1183 1179 1282 religionemyste·

154 1297 313 1383 riorum,
331 1301 468 1396 quibus
485 1313 520 1370 et
539 1300 705 1372 Deorum
728 1297 886 1372 vindicta
908 1301 1126 1396 placaretur,
1141 1319 1180 1377 et

154 1409 269 1486 felicis
287 1429 371 1511 post
390 1415 486 1486 hanc
505 1412 747 1499 vitamsortis
770 1440 852 1515 spes
872 1414 1130 1492 ostenderetur.

231 1547 396 1626 Sylvestres
414 1548 550 1605 homines
572 1565 660 1606 sacer
678 1553 881 1630 interpresque
903 1552 1040 1610 Deorum

234 1643 383 1704 caedibus
401 1657 431 1702 et
452 1646 540 1704 victu
553 1645 649 1724 foedo
671 1646 816 1705 deterruit
835 1648 1002 1727 Orpheus:

230 1742 345 1799 Dictus
364 1740 400 1798 ob
422 1741 478 1798 hoc
498 1742 592 1799 lenire
612 1742 702 1822 tigres
721 1743 898 1824 rabidosque
917 1746 1027 1807 leones.
1075 1800 1077 1803 .

231 1873 271 1886 ·-
291 1844 390 1885 -'-
410 1841 490 1897 Fuit
514 1838 590 1896 haec
606 1843 763 1917 sapientia
786 1843 939 1921 quondam

229 1937 365 1996 Publica
379 1938 516 2017 privatis
536 1958 685 1996 secernere
693 1981 705 2007 ,
721 1956 812 1995 sacra
826 1941 996 2019 profanis,

236 2033 406 2089 Concubitu
418 2033 576 2111 proscidere
595 2053 700 2109 vago,
721 2035 792 2087 dare
804 2039 881 2104 jura
900 2038 1044 2104 maritis,

237 2123 364 2206 Optima
389 2130 512 2195 moliri,
535 2128 612 2204 leges
633 2125 766 2182 incidere
782 2125 874 2206 ligno.
917 2175 924 2189 ,
1184 2151 1193 2178 a

201 2243 283 2316 Fuit
299 2257 383 2314 ante
398 2241 586 2339 Orpheum
599 2238 803 2327 Dardanus,
819 2243 952 2341 quippe
970 2243 1031 2343 qui
1051 2271 1175 2319 secun·

154 2357 245 2432 dum
278 2354 567 2430 verisimillimus
592 2354 750 2429 rationes
786 2372 992 2456 temporum
1020 2361 1175 2461 aequalis

152 2479 284 2551 Josuae
303 2475 358 2547 vel
380 2472 500 2569 Moysi
515 2471 597 2544 luite
610 2473 696 2559 Hic,
716 2490 753 2545 ut
777 2473 945 2572 Virgilius
964 2479 1027 2566 ait,
1048 2480 1175 2553 oriun-

150 2594 302 2666 duserat
316 2617 361 2664 ex
373 2589 598 2687 Tyrrhenia,
613 2588 697 2662 inde
711 2591 748 2661 in
761 2594 1068 2680 Samothraciam,
1083 2598 1173 2669 anti.

129 2735 258 2826 ¹guam
278 2708 377 2797 illam
395 2703 652 2802 mysteriorum
675 2703 819 2787 sedem,
840 2707 1030 2798 pervenit,
1060 2726 1097 2778 et
1117 2737 1172 2781 re·
1246 2777 1257 2809 ,

135 2826 259 2927 'gnum
278 2823 526 2919 Troianorum
541 2819 725 2892 constituit
740 2846 746 2886 :
759 2834 880 2916 atque,
896 2833 991 2929 teste
1004 2819 1169 2897 Diodoro

147 2944 287 3028 Siculo,
309 2941 504 3036 mysteria,
520 2963 612 3036 quae
634 2932 848 3032 jamdudum
865 2936 902 3005 in
926 2938 1173 3022 Samothracia

149 3058 390 3138 colebantur,
409 3054 454 3123 ad
485 3069 623 3124 certam
645 3052 827 3135 rationem
846 3051 1039 3124 revocavit.
1060 3054 1174 3129 Unde

150 3189 317 3274 apparet,
341 3194 448 3268 quam
464 3169 564 3256 levis,
582 3194 626 3238 ne
639 3168 755 3249 dicam
775 3168 873 3254 salsa,
892 3196 1019 3244 eorum
1035 3171 1081 3245 sit
1100 3172 1174 3272 opi·

118 3309 122 3315 '
146 3293 230 3378 nio,
248 3289 311 3388 qui
330 3285 576 3370 contendunt,
594 3285 766 3382 mysteria
788 3288 833 3360 ab
852 3289 1002 3384 Orpheo
1023 3289 1173 3365 demum
1224 3378 1230 3391 ·

88 3410 92 3416 ’
151 3433 197 3480 ex
215 3409 385 3505 Aegypto
400 3392 436 3474 in
458 3401 647 3476 Graeciam
666 3428 739 3474 esse
752 3401 878 3476 delata.
896 3402 992 3499 Quid
1011 3406 1174 3479 Minoem

92 3610 103 3615 -
137 3523 327 3621 dicamus,
348 3519 627 3596 vetustissimum
650 3519 1001 3614 celeberrimumque
1023 3521 1173 3593 Creten·

147 3640 244 3713 sium
264 3639 521 3739 legislatorem,
541 3662 650 3736 quem
669 3636 831 3733 prolecto
851 3659 1051 3765 numquam
1069 3635 1172 3709 fabu·
1200 3627 1202 3631 ⁴

148 3758 208 3830 lae
222 3757 419 3830 auctoritas
438 3755 597 3849 judicem
615 3750 814 3821 inferorum
833 3752 1088 3835 constituisset,
1105 3749 1171 3826 nisi

147 3869 222 3974 ipse
251 3873 360 3970 leges,
383 3895 467 3966 quas
496 3870 641 3949 tulerat,
673 3863 949 3937 immortalitatis
978 3882 1012 3938 et
1038 3867 1171 3939 Provi-

149 3990 294 4071 dentiae
329 3986 472 4061 divinae
508 3979 683 4077 religione
722 3986 908 4064 sanxisset.
940 3983 1097 4080 Atque,
1123 4000 1171 4080 ⁴ut:

141 4107 358 4179 omittamus
377 4098 718 4184 Rhadamanthum,
734 4098 918 4183 Aeacum,
939 4102 969 4196 ej
977 4099 1098 4173 usdem
1115 4101 1171 4198 ju·

88 4256 91 4262 ¹
150 4220 233 4320 dicii
245 4224 358 4296 socios
371 4208 549 4322 ,aliosque
565 4242 610 4292 ex
623 4219 663 4291 ed
677 4231 805 4306 aetate,
822 4216 1008 4292 veniamus
1026 4218 1072 4293 ad
1089 4245 1171 4325 ppo·
1216 4296 1218 4301 ,

964 4404 976 4431 h
