2632 4994
554 392 640 489 (67
653 395 685 523 ι)
728 448 732 460 ·

306 540 458 600 Exercent
477 541 535 598 alii
557 564 620 602 sese
642 551 781 625 equitatu
792 592 803 619 ,
830 558 834 564 ’

306 640 379 698 Alii
392 639 512 717 fidibus
532 640 689 709 oblectant.
726 678 738 693 ι

205 799 208 807 ,
305 737 408 795 Floret
431 737 519 815 apud
539 738 606 796 illos
628 740 832 821 laetaturum

306 833 510 914 Omnigenrirn
530 837 619 913 copia
640 861 649 892 :

301 930 458 1010 Regioque
486 951 617 989 armena
640 950 758 1009 senqrer

299 1026 437 1105 Fragrot
460 1030 559 1085 uariis
584 1031 618 1084 in
637 1031 738 1109 ignem
936 1096 943 1104 ⁸

307 1122 455 1182 Odoribus
478 1127 621 1202 conjectis
646 1125 782 1183 lucidum
833 1180 837 1185 .
901 1139 909 1169 ¹

304 1220 427 1283 Divom
445 1241 537 1298 super
555 1242 639 1281 aros.

107 1407 109 1410 -
153 1355 205 1424 lta
230 1351 428 1441 Pindarus;
448 1355 552 1450 cujus
576 1354 751 1453 imagines
769 1380 811 1426 ac
836 1339 1029 1429 sententias
1050 1363 1124 1432 ani·

103 1469 336 1558 madvertite‚
354 1497 507 1569 quaeso,
529 1486 752 1570 quantopere
770 1471 913 1545 annuerit
927 1488 962 1545 et
973 1476 1127 1573 amplifi·

26 1572 38 1589 ⁸
104 1586 241 1659 caverit
264 1586 468 1684 Virgilius:

177 1722 334 1799 Devenere
348 1739 426 1798 locos
450 1741 569 1810 laetos,
593 1754 621 1798 et
643 1761 773 1799 antoeno
792 1735 890 1800 vireta

177 1837 412 1895 Fortunatorurn
435 1856 594 1895 nemorum
603 1880 614 1906 ‚
636 1839 777 1918 sedesque
800 1838 914 1899 beatas.

179 1935 311 2013 Largior
325 1933 377 1990 hic
397 1953 520 2012 campos
542 1933 648 1993 aether
661 1947 691 1993 et
709 1936 824 1992 iumine
846 1939 938 1992 vestit

178 2032 361 2106 Purpurea,
379 2031 528 2109 solemque
547 2051 660 2095 suurn,
685 2049 744 2085 suo
766 2031 868 2085 sidera
887 2043 1006 2089 norunt.

178 2129 261 2183 Pars
287 2127 321 2183 in
332 2116 500 2207 gramineis
518 2136 656 2182 exercent
680 2124 811 2180 membra
821 2125 1013 2208 palaestris,

187 2225 380 2282 Contendunt
400 2224 471 2283 ludo
494 2236 524 2282 et
535 2223 636 2304 fulva
653 2222 810 2281 luctantur
824 2227 920 2282 arenti
940 2248 950 2282 .·

178 2326 262 2381 Pars
276 2321 407 2400 pedibus
416 2322 577 2400 plaudunt
593 2321 738 2393 choreas,
757 2335 788 2380 et
805 2325 944 2381 carmina
960 2300 1082 2387 ilicunt.

178 2423 246 2481 Nec
268 2443 329 2480 non
352 2421 512 2480 Threicius
531 2423 624 2502 longa
643 2444 713 2480 eum
731 2435 811 2482 veste
835 2424 973 2480 sacerdos

143 2588 144 2594 ἵ
179 2502 369 2598 obloquitur*
390 2521 524 2576 numeris
547 2530 661 2598 septem
687 2519 867 2578 discrimino
889 2543 1026 2580 vocum.-

175 2618 304 2697 Jarnque
323 2615 429 2674 eadem
448 2615 575 2696 digitis,
589 2623 662 2694 jorn
674 2622 796 2694 pectine
811 2619 924 2694 pulsat
941 2619 1062 2678 ebumo.

62 2746 67 2754 ·
174 2717 240 2773 Hic
258 2733 369 2772 manus
379 2756 390 2783 ,
409 2710 445 2768 oh
457 2714 598 2789 patriam
612 2712 785 2789 pugnando
811 2713 940 2769 vulnera
959 2701 1051 2789 possi
1062 2755 1075 2783 ,

177 2816 297 2894 Quique
324 2810 493 2870 sacerdotes
520 2810 601 2865 casti
609 2850 621 2877 ,
643 2807 717 2864 dum
736 2810 804 2866 vito
822 2807 966 2865 manebat
976 2851 988 2878 ,

109 2920 112 2927 '
177 2912 298 2988 Quique
310 2911 362 2986 pii
381 2919 466 2967 states
474 2948 485 2976 ,
502 2917 532 2963 et
549 2903 672 2963 Phoebo
696 2902 792 2984 digna
813 2903 925 2973 hereti,

10 3010 26 3023 '⁸
173 3008 321 3065 Inventas
346 3017 403 3063 aut
427 3006 481 3084 qui
504 3005 601 3064 vitam
618 3000 771 3060 excoluere
787 3022 846 3079 per
860 3014 941 3061 artes
950 3045 963 3074 ,

184 3105 306 3183 Quique
332 3104 383 3160 sui
408 3123 548 3160 memores
571 3101 760 3181 aliosfecere
782 3101 952 3158 merendo:

143 3256 147 3265 ,
178 3198 327 3258 Omnibus
346 3197 397 3255 his
417 3199 509 3257 nivea
533 3197 700 3279 cinguntur
715 3208 850 3276 tempora
867 3201 956 3259 uitta.

130 3332 239 3407 ·Satis
257 3348 313 3407 est
334 3332 432 3434 quod
450 3331 608 3408 diximus
625 3332 670 3407 de
688 3324 821 3433 poetis,
837 3327 1023 3433 popularis
1040 3333 1121 3433 qui-

82 3450 177 3533 ,dem
205 3449 273 3523 illis
295 3450 470 3551 magistris
498 3451 717 3552 sapientiae,
746 3451 808 3526 sed
835 3451 962 3527 iisdem
993 3467 1120 3526 tamen
1190 3508 1194 3514 .

90 3568 271 3642 maximae
305 3566 350 3640 ad
374 3593 610 3659 communem
637 3569 747 3640 vitam
772 3564 1005 3639 auctoritatis.
1041 3569 1118 3636 Ve-

91 3684 234 3758 niamus
262 3685 307 3758 ad
333 3711 420 3757 eum
443 3684 587 3771 virum,
606 3682 666 3781 qui
682 3679 948 3780 philosophiam
976 3680 1020 3751 ad
1046 3707 1120 3755 me·

88 3802 214 3874 liorem
235 3802 484 3899 sanioremque
497 3801 674 3872 rationem
687 3793 840 3895 redegit;
859 3799 921 3898 qui
935 3823 1014 3871 eam
1033 3825 1116 3873 cum

90 3918 320 3993 sermonibus
352 3916 426 4014 ipse
456 3916 552 3999 suis,
576 3929 656 3986 tum
685 3911 945 4012 discipulorum
971 3913 1117 4002 studiis,

25 4118 40 4129 ,
91 4064 158 4135 per
177 4038 384 4113 universam
408 4029 597 4106 Graeciam
616 4029 894 4129 proseminavit,
914 4047 955 4109 ut
971 4034 1051 4130 jure
1069 4036 1115 4110 ab

95 4153 195 4226 omni
230 4177 319 4228 aevo
350 4175 441 4226 unus
467 4172 598 4248 parens
630 4148 878 4250 philosophiae
910 4149 1025 4226 dietus
1057 4154 1118 4229 sits
