2632 4994
491 400 645 499 (109)

48 533 115 640 soli
140 575 187 632 eo¹
200 562 365 635 valerent
386 557 573 643 acumine,
597 580 673 656 quo
689 553 940 656 disputationis
958 558 1075 637 snbti·¹

52 679 194 751 litatem
219 689 505 775 assequerentur.
951 702 954 706 ·
1002 771 1005 778 Ι
1043 752 1046 757 ,

99 796 176 867 Vos
201 792 371 891 quidem,
392 795 439 865 A.
462 790 533 876 H.‚
557 814 681 888 spero,
703 789 754 864 nil
771 816 816 865 ex
840 812 1070 890 argumenta·

48 908 161 982 tionis
196 909 416 983 obscuritate
443 905 574 995 taedii,
603 920 731 979 contra
758 903 926 986 nonnihit
958 914 1093 986 etiam·

50 1049 96 1097 ex
117 1024 366 1125 disputationis
386 1022 531 1103 ratione
552 1048 596 1097 ac
616 1023 864 1122 descriptione
878 1027 1076 1128 voluptatis

48 1144 264 1243 percepisse.
289 1140 360 1214 Sed
386 1155 531 1231 tamen,
557 1156 597 1215 ut
618 1140 730 1240 magis
757 1141 867 1215 etiam
887 1141 932 1213 ad
950 1144 1078 1241 ipsius.

48 1255 303 1359 disputationis
326 1257 601 1356 intelligentiam
630 1256 884 1355 proficiamus3
906 1280 990 1354 age,
1016 1283 1071 1333 re·

41 1378 214 1478 digamus
234 1373 714 1455 totamdemonstrationem
734 1374 772 1446 in
791 1398 854 1449 sua
871 1374 1001 1477 capita.
1050 1372 1075 1446 ,ἶ

96 1493 262 1568 Primum
283 1509 387 1593 caput
404 1492 442 1564 in
459 1518 504 1566 eo
527 1507 581 1565 est
603 1493 840 1591 positum,‘ut
853 1491 1078 1567 ostendatur.

46 1602 212 1685 animum
225 1610 417 1711 praecipue
436 1610 562 1707 vigore
578 1622 615 1681 et
632 1607 825 1706 cogitando
839 1609 956 1683 valere
968 1624 1068 1698 tum,

48 1752 131 1801 cum
145 1753 203 1814 se,
216 1724 338 1827 quoad
358 1727 436 1824 ejus
451 1725 531 1799 fieri
547 1724 684 1824 potuit,
701 1725 858 1799 maxime
876 1751 896 1798 a
913 1751 1080 1826 corpora
1144 1766 1148 1773 ·

47 1845 302 1944 segregaverit,
329 1857 365 1914 et
382 1842 458 1940 ipse
477 1841 516 1912 in
535 1867 572 1914 se
597 1842 788 1941 collegerit.
811 1845 898 1917 lnde
917 1843 1075 1930 confici,-

46 1983 155 2059 eum,
182 1974 220 2031 ut
246 1955 525 2054 cog-itandi'vim
551 1956 736 2042 obtineat,
760 1959 852 2051 adeo
878 1983 955 2029 non
977 1985 1068 2056 opus
1139 1964 1148 1975 '

44 2073 180 2149 habere
203 2072 366 2170 corporis
393 2074 652 2146 communione
667 2108 681 2152 ‚·
700 2086 740 2143 ut
757 2072 948 2170 potiusab
975 2073 1081 2163 illius.¹
1164 2115 1167 2124 ·

37 2187 215 2268 'societate
237 2190 375 2269 solutus
402 2204 440 2262 et
467 2205 583 2265 nsorte
610 2180 780 2289 liberatus
799 2188 965 2265 ‚demum
990 2216 1081 2265 ¹na·⁷
1125 2198 1129 2217 ²

45 2326 152 2384 turae
181 2335 264 2382 suae
292 2307 392 2381 bono
414 2307 579 2406 potiatur.

18 2462 21 2467 ·
93 2428 191 2500 Hine
208 2426 366 2500 nascitur
378 2425 474 2500 aliud
488 2439 761 2521 argumentum,
780 2428 897 2526 ipsum
921 2430 1081 2528 quoque.

44 2572 67 2618 a
86 2543 247 2642 corporis
264 2541 547 2639 reprehensione
570 2541 789 2619 desumtum.
808 2545 951 2643 Corpus
966 2545 1079 2620 enim.
1170 2596 1175 2601 -
1247 2640 1257 2655 .

44 2676 104 2734 est
116 2658 303 2732 inimicum
316 2672 352 2730 et
367 2657 588 2730 contrarium
601 2658 736 2729 virtuti.
752 2663 796 2728 ln
810 2682 964 2756 corpore
984 2661 1066 2732 fons
1076 2714 1092 2742 .,
1152 2682 1158 2705 ¹

45 2793 101 2852 est
117 2777 238 2852 omnis
254 2772 497 2873 corruptionis
511 2788 546 2846 et
563 2769 661 2845 labis.
686 2772 858 2869 Corporis
872 2772 979 2846 victui
990 2800 1084 2847 ser·-

17 2895 123 2969 «vire
140 2897 282 2990 cogitur
310 2893 451 2965 animus
472 2919 481 2962 :
504 2889 653 2989 ejusque
679 2888 905 2988 voluptatum
931 2891 1067 2965 sollici-

44 3008 181 3082 tatione
201 3008 241 3078 in
268 3006 356 3079 vitia
377 3022 415 3079 et
433 3004 608 3080 immania
632 3007 767 3079 scelera
791 3004 981 3082 inducitur.
1001 3009 1066 3105 lgi-

44 3141 105 3198 tur
130 3108 272 3204 animus
297 3120 425 3219 nequit
458 3145 580 3193 veram
608 3123 856 3222 sinceramque
890 3125 1081 3199 virtutem.
1121 3196 1124 3211 ,

45 3240 241 3338 consequi,
258 3236 370 3311 nisisi
387 3234 558 3311 liberatus
570 3239 614 3311 sit
631 3265 653 3313 a
668 3241 828 3339 corporis
845 3242 1083 3343 contagione

21 3373 82 3431 set
106 3353 273 3434 vinculis..

95 3475 260 3568 Tertium
284 3489 541 3574 argumentum
564 3476 706 3550 ducitur
720 3478 751 3552 a'
761 3478 990 3553 Providentid
1006 3478 1066 3553 Di·
1080 3500 1083 3507 ·

44 3597 131 3666 vind
155 3620 272 3692 :quae
294 3593 442 3693 quidem
467 3591 643 3667 aduobus
669 3593 846 3665 attributis
868 3607 1087 3687 spectatur..
1172 3652 1174 3657 ,

43 3712 208 3785 Primum
226 3737 261 3781 a>
269 3710 413 3806 justitid
421 3737 435 3796 ;
449 3713 520 3809 qud
543 3707 735 3782 benefactis
754 3710 914 3801 praemia
932 3725 968 3781 et
986 3733 1061 3782 ma·
1078 3702 1108 3783 ἦ
1171 3755 1173 3759 ν

44 3827 342 3922 lefactispoenas
367 3823 572 3909 constituit:
592 3838 698 3920 atque
720 3822 792 3895 ho'c
805 3813 964 3921 justitiae
982 3852 1061 3896 mu·
1081 3878 1088 3901 .

44 3968 116 4016 nus
135 3966 248 4042 quum
274 3938 445 4035 inhujus
470 3936 562 4010 vitae
594 3937 769 4013 brevitate
794 3965 878 4012 non
899 3941 1062 4016 absolva—
1084 3982 1105 3997 ω
1148 3957 1153 3964 ’

46 4077 128 4145 tur,
159 4062 288 4158 qnippe
308 4057 345 4129 in
368 4057 438 4157 qud
454 4053 657 4154 saepissime
674 4054 780 4130 bonis
800 4059 893 4132 male
907 4075 942 4132 et
961 4059 1062 4159 malis
1074 4100 1082 4133 .·-
1175 4105 1177 4111 ·

46 4176 144 4252 hene
173 4191 242 4279 est}
263 4173 431 4253 ,efficitur
456 4175 647 4283 posthanc
667 4174 779 4262 sitam
805 4177 1085 4279 suumne-ique
