2632 4994
587 391 802 527 ιιι)

147 546 292 663 etiamsi
318 546 388 620 fuit
414 547 592 635 animus,
586 559 809 679 qutequam
844 570 975 646 corpus
1000 564 1168 629 nascere-

145 647 229 756 tur,
243 662 330 769 quid
345 664 520 797 impedit,
537 687 733 796 quominus
749 662 942 766 aliquando
962 677 1086 751 tamen
1102 662 1168 787 in-

109 854 119 878 ,
140 774 297 865 torcat?
315 781 430 901 Quis'
420 780 543 880 igitur
552 779 634 861 setis
652 780 817 881 locuples
836 778 942 879 nobis
960 794 1091 853 auctor
1103 748 1169 865 sit,

142 894 265 1013 hanc,
288 925 405 1002 quam
420 921 524 988 nuno
545 896 731 999 degimus,
751 896 867 975 vitam
887 896 969 972 non
990 922 1066 970 esse
1087 866 1172 970 ulti-

147 1006 268 1105 lnam,
293 1018 365 1117 qud
395 1014 547 1107 definitd
573 1013 715 1090 animus
739 1037 769 1087 e
800 1039 952 1113 corpore
984 1011 1172 1115 egrediens

148 1147 337 1234 tamquam
360 1131 481 1207 sumus
500 1149 702 1209 evanescat.
732 1130 1083 1207 Βιιιιιιιίιιιιι“ιιιιιιιιι
1110 1120 1173 1222 de·

150 1249 425 1335 monstrationis
443 1265 528 1324 tuae
541 1236 747 1325 absolutum
760 1263 835 1336 est;
855 1240 1045 1320 dimidium
1063 1232 1177 1321 vacat.

194 1368 316 1439 Immo
342 1389 457 1457 vero,
481 1367 602 1469 inquit
624 1368 812 1453 Socrates,
838 1365 889 1437 nil
909 1377 1034 1439 vacat:
1052 1362 1080 1436 si
1097 1365 1174 1497 qui-

149 1480 237 1555 dem
264 1506 333 1572 ea,
363 1509 457 1603 quae
481 1484 594 1560 modo
620 1478 867 1601 concessistis,
896 1479 936 1554 in
961 1482 1177 1572 memoriam

149 1600 254 1675 -vobis
279 1594 479 1692 revocetis,
501 1617 541 1676 et
558 1602 653 1676 inter
678 1627 721 1676 se
739 1582 980 1701 conjungatis.
1000 1603 1120 1687 Nam,
1146 1592 1179 1674 si

131 1712 278 1807 ¹rerum
300 1732 375 1819 est,
405 1715 541 1819 quod
526 1717 772 1807 ostendimus,
796 1719 892 1793 hanc
914 1743 989 1792 esse
1006 1729 1178 1791 constan·
1186 1813 1189 1818 ι

130 1828 236 1916 {tem
243 1825 398 1908 naturae
424 1832 569 1930 legem,
588 1849 629 1907 ut
648 1833 739 1907 nil
728 1832 911 1925 intereat,
931 1832 994 1911 sed
1015 1808 1179 1911 mutetur.

147 1961 321 2022 tantum·
342 1963 396 2037 et,
413 1948 442 2024 si
465 1975 608 2023 verum
614 1965 688 2041 est,
706 1950 873 2047 animum
891 1950 1035 2043 notitias
1052 1930 1179 2023 rerum

148 2062 228 2136 sine
245 2065 407 2164 corporis
420 2064 669 2139 instrumento
687 2064 882 2162 accepisse;
897 2090 973 2152 non
993 2081 1062 2152 est,
1079 2063 1178 2171 quod

149 2170 357 2254 dubitemus
379 2168 546 2254 animuin
570 2205 646 2252 esse
667 2174 954 2292 sempiternum.
964 2180 1037 2258 Sed
1056 2207 1189 2282 quan-1

149 2295 350 2399 doquidem
375 2297 442 2370 alte
471 2294 659 2396 scrupulus
687 2295 748 2370 hic
779 2283 971 2381 inhaerere
1003 2288 1177 2387 videtur,-
1258 2353 1262 2361 -

139 2431 195 2514 ut
211 2415 319 2489 'etiam
331 2441 432 2489 nunc
452 2414 617 2496 metuatis
629 2440 852 2512 ,puerorum
870 2441 990 2506 more,
1007 2441 1055 2489 ne
1070 2432 1181 2525 vento

107 2538 111 2547 '
149 2530 342 2632 dissipetur
361 2524 554 2630 egrediens
578 2557 624 2606 ex
636 2557 796 2633 corpore
823 2532 989 2623 animus,
1017 2560 1178 2634 praescr·
1232 2578 1235 2587 ·

149 2651 219 2724 tim
248 2648 279 2722 si
311 2649 513 2747 egrediatur
547 2674 626 2720 non
652 2652 779 2720 serena
809 2675 851 2721 ac
876 2650 1093 2747 tranquilla,
1116 2651 1195 2750 sed·

149 2763 295 2842 turbida
319 2779 357 2840 et
381 2765 532 2840 ventosa
558 2776 801 2860 tempestate:
824 2761 1055 2881 quaerendus
1076 2762 1179 2840 vobis

148 2899 204 2959 est
229 2884 459 2971 incantator,
488 2908 550 2981 qut
540 2879 668 2952 hunc
687 2904 733 2953 ex
759 2872 862 2953 vobis
884 2872 1022 2975 metum
1038 2879 1177 2980 ejiciat,

134 2992 191 3075 'ut
207 3014 347 3073 certam
364 2997 412 3071 de
433 2998 645 3075 animorum
666 2962 943 3089 immortalitate
953 2996 1176 3113 sententiam

135 3112 427 3218 *nanciscamini
483 3174 485 3179 .

143 3253 146 3258 ⁴
200 3224 347 3305 Vellem
371 3229 560 3331 equidem,
588 3229 707 3330 inquit
731 3227 870 3322 Cebes,
897 3230 1062 3353 reperire
1091 3256 1179 3331 pos-

152 3374 231 3424 sem
249 3347 427 3445 ejusmodi
453 3347 734 3463 incantatorem.
760 3348 832 3437 Sed
856 3374 1009 3442 vereor,
1032 3375 1081 3425 ne
1101 3373 1179 3443 cras

154 3480 270 3584 nemo
298 3465 454 3565 amplius
478 3463 721 3560 ejusmodi
687 3493 742 3541 ιιι
763 3466 821 3541 ιιι.
836 3510 902 3535 -.
990 3520 994 3527 -

156 3577 339 3684 Atqui,
352 3580 542 3683 respondit
553 3581 740 3668 Socrates
761 3580 861 3653 multi
883 3575 1030 3655 suntin
1033 3546 1181 3654 Graecis

154 3696 243 3771 boni
265 3714 300 3772 et
321 3699 502 3798 sapientes
530 3700 632 3773 viri:
658 3697 760 3769 multi
787 3717 931 3795 quoque
956 3694 997 3766 in
1018 3684 1181 3779 barbaris

157 3810 357 3912 gentibus:
383 3816 474 3900 hos,
500 3815 529 3886 si
555 3838 615 3884 me
646 3809 833 3898 audietiS,
827 3810 1043 3933 exquiretis
1068 3798 1179 3950 atque

158 3930 312 4005 adibitis.
326 3929 434 4004 Nulla
449 3929 550 4002 enim
563 3928 680 4024 major
695 3924 974 4027 graviorqueest
989 3956 1047 4004 res
1060 3935 1182 4045 ,cujus

160 4047 332 4129 scientiae
356 4047 460 4121 causti
483 4059 518 4117 et
536 4043 675 4117 labores
703 4044 1114 4149 peregrinationesque
1111 4075 1182 4147 sus·
1241 4069 1244 4073 ’

119 4224 122 4229 .
157 4154 302 4264 cipere,
316 4179 352 4240 et
367 4189 563 4265 pecuniam
584 4172 792 4269 tempusque
808 4161 1019 4267 impendere
1032 4183 1184 4269 possitis
1252 4234 1256 4240 .
