2632 4994
688 418 818 513 (88)

233 570 370 649 nutura
397 586 567 647 remotae.
603 567 741 656 Veluti,
769 590 885 667 quum
913 579 1071 656 statuam
1095 563 1266 669 uidemus

239 687 454 786 pulchram
465 688 568 763 unde
582 687 699 762 oritur
715 684 801 760 itta
793 684 987 785 cogitatio,
1009 686 1166 759 statuum
1185 682 1270 756 ‘essa

231 806 461 901 pulchram.
444 808 463 857 Ρ
477 808 561 881 Νοιι
582 792 731 880 aliunde
749 829 818 904 pro
820 800 931 894 i3ecto
949 800 1019 878 nisi
1009 803 1148 892 'hinc,
1167 770 1271 909 quod

240 922 394 996 statuam
421 925 526 997 tacite
546 949 630 996 cum
653 923 729 1022 ipsd
754 918 1033 1022 pulchritudinis
1051 916 1156 1008 idea,
1177 930 1270 1015 tern-

239 1058 351 1133 quam
374 1062 457 1110 cum
484 1037 655 1136 exemplo
683 1061 956 1137 comparamus,
985 1051 1020 1110 et
1041 1010 1269 1165 judicariam,-

239 1176 349 1265 quam
370 1172 495 1252 prope
514 1154 560 1228 ad
582 1154 670 1230 illud
700 1156 909 1289 εἰιειιιιιΙιιιιι
932 1160 1047 1228 statua
1073 1146 1264 1265 pappeniat

240 1281 280 1340 et
305 1270 588 1374 appropinquet.
608 1276 690 1364 ita,
715 1299 745 1351 ιι
733 1268 867 1376 quod
896 1272 1060 1358 factum,
1079 1248 1142 1343 vel
1168 1262 1266 1375 aliud

237 1388 331 1489 quid
350 1388 510 1464 sensibus
526 1406 758 1492 perceptum,
772 1388 973 1491 judicamus
990 1368 1065 1466 esse¹
1055 1388 1188 1491 pium,
1204 1383 1269 1458 ho·

240 1512 402 1594 nestum,
426 1502 602 1603 impium,
620 1520 752 1606 turpe'.
743 1508 858 1582 haec
872 1531 997 1583 omma
1015 1502 1204 1581 sensibus
1190 1524 1269 1601 per

241 1638 349 1717 cepta
376 1620 564 1696 referimus
586 1621 630 1694 ad
646 1621 751 1697 ideas
766 1622 984 1699 universales
1005 1619 1171 1733 pietatis,
1199 1618 1271 1693 ho·
1283 1682 1288 1695 .

216 1737 405 1823 .·nesta'tis,
429 1736 645 1838 impietatis,
667 1732 910 1847 turpitudinis.
927 1740 1033 1821 dam
1042 1760 1131 1811 vero
1149 1724 1274 1819 unde·-

240 1852 329 1928 nam
340 1851 522 1929 hausimus
543 1852 640 1930 ideas
655 1852 906 1931 universales.
932 1879 1011 1930 non
1025 1834 1176 1981 quidem
1194 1876 1275 1925 sen

244 1966 341 2045 sibus
361 1971 535 2072 corporis.
557 1974 651 2049 Nam
669 1972 723 2051 his
737 1972 925 2051 haurimus
942 1967 1039 2045 ideas
1057 1976 1182 2042 rerum
1200 1967 1274 2069 sin

242 2086 446 2188 galerium,
471 2113 559 2190 quas
575 2072 629 2161 ad
653 2086 876 2197 universales
894 2084 992 2160 ideas
1008 2062 1211 2189 referimus
1223 2096 1273 2156 at·

244 2228 333 2302 que
342 2196 527 2302 exigimus.
553 2204 600 2275 Et
628 2226 717 2276 vero
741 2202 810 2279 nisi
818 2201 936 2303 prius
955 2186 1153 2277 habeamus
1164 2178 1273 2277 ideas

243 2316 491 2403 universales3
516 2343 565 2389 ne
586 2298 792 2451 intelligere
811 2320 961 2420 quidem
989 2317 1167 2419 possimus
1193 2316 1273 2390 sin-

243 2433 388 2532 gulares
404 2430 521 2507 ideas
540 2433 592 2506 nri
605 2460 705 2507 enim
723 2436 961 2524 haberemus,
978 2436 1023 2509 ad
1042 2435 1163 2550 quod,
1184 2440 1276 2549 unq

244 2558 356 2649 quam
388 2549 434 2620 ad
460 2550 689 2650 exemplum,
715 2576 774 2623 eas
797 2549 1046 2639 referremus,
1066 2558 1103 2625 'et
1130 2576 1176 2653 eu
1201 2576 1312 2653 qud.

246 2680 307 2739 eas
327 2689 620 2801 agnosceremus.
639 2663 751 2740 Unde
776 2664 1047 2761 efficitur,non
1067 2672 1275 2768 persensus

245 2786 411 2889 corporis
434 2782 595 2895 primum
626 2810 752 2859 rerum
779 2782 922 2858 notitias
949 2784 988 2858 in
1011 2784 1181 2859 mentem
1215 2787 1278 2859 in-

245 2900 358 3037 speri,
363 2898 471 2975 sed
461 2928 501 2977 ιιι
518 2903 598 2976 ed‘
586 2928 663 3000 Jarn
683 2917 790 2975 antea
809 2890 940 2975 fuisse:
933 2902 1074 3025 atque
1093 2900 1183 2991 adeo
1201 2902 1275 2977 ani

246 3042 360 3099 mum
366 3014 473 3120 pride
488 3016 616 3093 vixisse
638 3044 679 3092 ac
704 3012 879 3129 viguisse,
899 3045 1011 3119 quarn
1034 3020 1166 3119 'cerpus
1191 3045 1274 3093 nas·

248 3152 408 3212 teretur.
431 3133 493 3209 Ad
513 3132 636 3208 haee
626 3149 674 3207 ita
698 3122 890 3211 Simmiae:
906 3136 1013 3211 Haud
1035 3130 1205 3250 equidem
1222 3162 1274 3209 re·

245 3250 389 3369 pugno,
404 3251 494 3351 quin
511 3251 581 3324 hac
592 3252 731 3327 ratione
746 3251 978 3343 conficiatur,
995 3251 1158 3326 animum
1172 3242 1276 3327 [uisse

247 3381 443 3465 antequam
468 3392 600 3468 corpus
629 3362 844 3450 nasceretur.
856 3376 1043 3491 Neque
1031 3385 1158 3445 tamen
1173 3369 1275 3445 inde

247 3480 341 3567 inihi
366 3483 509 3571 videtur
528 3486 648 3572 effici,
671 3514 756 3561 eum
776 3514 925 3590 quoque
940 3501 1020 3588 post
1045 3502 1203 3560 mortem
1222 3515 1276 3561 su

247 3598 467 3717 perstitemf
466 3628 538 3678 ore.
554 3605 605 3679 Et
620 3619 728 3679 restat
746 3605 865 3678 adhuc
883 3603 969 3676 ittud
986 3601 1155 3690 dubium,
1174 3602 1275 3703 quod

246 3711 376 3793 Cebes
389 3719 516 3794 modo·
535 3721 687 3819 injecit,
715 3750 762 3796 ne
789 3723 882 3797 forte
911 3718 1090 3794 animuse
1118 3744 1276 3819 corpore

250 3837 441 3937 egrediens
463 3839 652 3915 subsistere
674 3857 850 3943 nequeat,
869 3855 908 3914 et
928 3839 1037 3916 veluti
1056 3836 1175 3918 fumus
1196 3838 1279 3915 eva·

251 3970 386 4034 nescat.

301 4072 412 4145 Recte
445 4099 596 4160 mones,
627 4072 746 4169 inquit
768 4063 891 4146 Cebes.
916 4074 1008 4179 Mihi
1031 4095 1175 4170 quoque
1204 4072 1274 4146 hac

249 4185 289 4267 in
312 4205 416 4293 parte
439 4190 601 4273 laborare
623 4187 760 4272 ridetur
780 4191 941 4291 §scretis
959 4188 1159 4294 disputatio.
1178 4190 1273 4271 Nam
