2632 4994
609 389 628 486 ’(
655 406 719 467 11'2
744 390 766 483 )

171 569 247 621 non
264 543 328 620 fiat
350 538 571 618 successione
594 535 791 633 graduum,
813 563 862 610 ne
877 541 1020 626 Teonfici
1039 543 1192 642 quidem

170 676 294 760 potest
314 660 448 735 viribus
468 659 626 728 naturae.
641 651 712 724 Hic
726 669 779 728 est
797 653 879 729 finis
899 657 1009 755 hujus
1023 659 1207 751 rationisf

169 805 280 880 quarn
305 794 343 851 ut
367 769 730 870 supramonuimus,
754 786 855 845 acute
876 776 1062 874 perspexit
1074 790 1120 848 ct
1136 803 1197 850 co-

76 980 79 991 Ι
167 895 268 991 piose
284 886 454 987 explicuit
476 883 760 965 Mendelsohnus
776 886 831 958 in·
844 891 987 987 egregio
1007 890 1129 966 libello
1147 890 1203 968 de·

53 996 75 1103 ‚⁷
168 1006 469 1082 Immortalitate..

174 1208 176 1219 Ι
213 1120 402 1196 Posterior
418 1117 513 1192 ratio
532 1143 576 1190 eo
595 1118 714 1224 valetj
740 1119 1204 1215 ut·demonstretur‚.om-.

163 1265 233 1313 nes
258 1236 299 1311 in
317 1260 452 1310 rerum
482 1237 608 1309 notorii
625 1236 842 1311 mutationes
867 1254 906 1312 et
934 1241 1205 1317 conversionem

164 1356 245 1429 fieri
263 1356 303 1429 in
328 1355 458 1428 orbem
484 1368 521 1426 et
544 1353 643 1453 quasi
668 1353 860 1444 circulum
881 1371 922 1429 ut
949 1382 1008 1433 res
1033 1346 1193 1433 niutatae

164 1501 212 1548 ex
238 1472 309 1546 alio
337 1470 376 1542 in
400 1467 513 1541 alium
529 1483 680 1542 statum
707 1484 911 1557 transcant,
944 1497 987 1545 ac
1017 1471 1198 1573 deinceps:

92 1632 100 1647 ·
118 1674 121 1682 Ι
163 1592 203 1661 in
224 1589 382 1662 eundem
396 1599 534 1659 statum
548 1581 721 1670 redeant;
743 1585 842 1681 quod
860 1585 890 1658 si
906 1587 1008 1662 enim
1022 1615 1080 1662 res
1097 1588 1198 1664 inte..

160 1705 412 1798 rire'ntetque
437 1701 475 1789 in
499 1695 653 1770 nihilum
676 1694 844 1786 obirent,
866 1697 1002 1771 forent
1022 1717 1098 1772 tota
1123 1730 1203 1777 nae·

163 1837 248 1893 tura
288 1800 463 1917 paulatim
494 1800 771 1888 consumeretur
799 1827 839 1886 et
865 1808 1091 1889 emoreretur
1103 1842 1113 1904 ;
1147 1836 1203 1894 ut.

161 1937 333 2045 igiturex
351 1933 442 2008 vivis
464 1931 555 2004 fiant
573 1929 729 2016 mortui,
752 1929 807 2024 sic
826 1955 873 2004 ex
892 1933 1044 2006 mortuis
1061 1932 1189 2008 denuo

137 2053 384 2137 pfieriaivos.
413 2048 496 2143 Qud
521 2045 670 2144 quidem
703 2043 937 2117 conclusione
963 2070 1188 2155 quamquam

52 2164 54 2168 Α
94 2226 98 2243 .
162 2170 320 2245 nimium
338 2165 518 2240 conficere
532 2160 647 2234 voluit
661 2161 784 2251 Plato,
798 2175 922 2237 tamen
935 2163 1073 2237 semina
1088 2165 1199 2262 prin--

160 2288 327 2383 cipiaque
347 2276 497 2375 protulit
520 2277 731 2375 argumenti
750 2278 886 2376 egregii
908 2278 1114 2375 cujusdam,
1131 2296 1187 2356 ot-

160 2423 232 2494 que
257 2395 296 2465 in
317 2382 478 2489 uestigiis
504 2392 578 2464 nos¹
598 2393 740 2488 posuit,
768 2393 900 2490 quibus
926 2397 1199 2497 persequendis·

160 2509 399 2606 intelligatur,
428 2531 511 2592 eos,
541 2505 604 2602 qui
632 2501 799 2576 'statuant‘
828 2508 972 2582 animos
1003 2513 1154 2588 interire
1173 2554 1196 2606 ,·;

157 2625 258 2706 houd
277 2621 397 2697 minus
414 2616 570 2692 absurda
585 2619 896 2719 repugnantiaque
912 2621 1056 2714 dicere,
1073 2652 1198 2729 quami

118 2790 122 2799 .
158 2768 245 2828 eos,
272 2735 334 2838 qui
363 2731 591 2809 contendant
618 2734 825 2833 universam
860 2753 1027 2838 naturam
1053 2747 1200 2841 paula-‚¹

46 2896 50 2913 ·
157 2860 225 2933 tim
253 2853 418 2931 consumi
440 2867 548 2951 atque
568 2851 610 2922 iu
635 2850 794 2925 nihilum
817 2852 931 2929 abire.

205 2963 256 3049 Et
281 2975 464 3070 hucusque
489 2964 576 3039 illud
594 2966 762 3042 effecerat
787 2969 893 3044 Plato
913 2999 924 3059 ;
953 2973 992 3045 in
1011 2971 1196 3055 universe·-

72 3172 80 3183 ,
131 3095 289 3166 ‘natura
314 3091 364 3162 nil
389 3086 557 3173 interire,
580 3108 700 3184 neque
713 3086 927 3187 ‘quidquam
944 3090 1050 3167 abire·
1067 3090 1107 3168 in
1122 3098 1178 3171 ni.

73 3278 76 3285 .
156 3209 282 3291 hilum.
306 3209 360 3276 At
382 3228 470 3278 vero
491 3201 730 3299 intelligebat,
753 3203 874 3280 deesse
897 3207 1016 3283 adhuc
1041 3212 1192 3312 aliquidi
1226 3306 1232 3315 .

36 3374 43 3385 .
156 3323 202 3396 ad
228 3317 490 3396 absolutionem
511 3319 834 3419 demonstrationis
856 3325 1036 3404 Nimirum
1059 3386 1068 3417 ,
1093 3329 1179 3417 licet

158 3436 256 3514 nulla
280 3459 340 3510 res
353 3435 537 3521 intereat,
563 3436 627 3519 sed
648 3437 816 3511 hactenus
844 3455 992 3519 tantum
1017 3471 1192 3521 commu-.-

33 3564 36 3571 '
157 3566 288 3640 tetum
321 3553 430 3627 utin
459 3551 571 3625 alium
597 3567 730 3628 statum
763 3570 920 3633 transeat
945 3588 986 3634 ac
1015 3561 1192 3660 partibus.

156 3673 373 3747 dissolvatur
409 3667 509 3762 suis3
541 3670 709 3745 nondum
736 3687 860 3749 tamen
887 3689 1072 3752 ostensum
1096 3696 1151 3755 est
1160 3697 1178 3771 ἐ,

157 3791 238 3865 fieri
258 3813 336 3861 non
354 3810 477 3884 posse,
504 3804 545 3860 ut
562 3788 704 3877 enimus
723 3787 826 3864 abeat
854 3791 893 3867 in
912 3790 1089 3891 ejusmodi
1107 3813 1177 3871 sta·

155 3927 260 3993 tum,
287 3929 375 4004 quo¹
391 3902 552 4002 partibus
583 3904 793 3980 dissolvatur
817 3911 925 3998 suis,
954 3928 1014 4000 et,
1039 3936 1177 4008 quam·
1214 4002 1217 4009 Ι

154 4052 266 4124 quam
278 4037 607 4123 superstes,tamen
620 4027 732 4100 vitam
749 4029 1052 4127 etcogitationem
1068 4033 1191 4125 amit.
1219 4050 1223 4059 ·

151 4145 353 4242 tetigitur
371 4140 599 4243 disputationi
611 4142 982 4248 ·teliquam‚adjunnit
1008 4162 1190 4256 partem„
1228 4180 1233 4189 ·
