2632 4994
601 389 731 480 (75)

210 533 425 633 Appellatus
446 547 498 605 est
511 533 571 604 bic
597 531 758 630 dialogus
773 533 967 624 Phaedon,
983 538 1081 637 quod
1096 562 1182 613 con·

135 651 300 725 'tinetur
322 676 491 724 sermone
504 649 727 746 Phaedonis,
745 650 1097 752 discipuli-Socratis,
1118 655 1182 756 qui

156 768 320 867 magistri
352 766 491 842 obitum
509 783 635 840 narrat
654 766 860 856 Echecrati,
885 769 1048 866 ejusdem
1074 771 1182 845 disci·

156 885 276 982 plinae
293 884 412 973 socio,
432 885 494 984 qui
513 899 682 982 ternpore
707 884 788 973 illu,
803 912 876 985 quo
893 888 1061 966 ‚Socrates
1084 913 1182 962 mor·
1224 906 1231 913 ·

157 1017 238 1078 tuus
263 1020 337 1092 est,
358 1003 517 1077 Athenis
539 1003 712 1083 abfuerat.
740 1004 1002 1104 Colloquuntur
1019 990 1104 1081 curn
1120 1006 1183 1079 So·
1275 1044 1281 1057 ·

160 1138 283 1208 crate,
310 1121 478 1221 inprimis
505 1122 622 1195 Cebes
645 1137 681 1194 et
699 1119 866 1198 Simmias
888 1121 1080 1217 Thebani,
1104 1123 1183 1220 ejus

158 1234 348 1337 discipuli,
371 1252 407 1311 et
429 1238 560 1313 Criton
583 1237 836 1324 Atheniensis,
856 1236 1013 1342 aequalis
1031 1237 1184 1314 Socratis

159 1355 312 1452 ejusque
326 1353 571 1428 amicissimus.
584 1355 656 1428 Sed
666 1381 747 1442 nos,
757 1355 889 1429 omisso
903 1350 1069 1452 colloquii
1081 1378 1186 1429 exor-

159 1470 222 1544 dio
236 1487 270 1544 et
284 1460 456 1560 introitu,
473 1472 615 1546 initium
633 1472 804 1567 faciamus
826 1469 872 1544 ab
890 1469 965 1569 ipsa
979 1469 1185 1545 Phaedonis

157 1589 395 1677 narratione,
419 1615 514 1688 quae
537 1588 685 1689 quidem
706 1585 884 1688 ejusmodi
905 1602 966 1661 est.
986 1630 1031 1643 --
1049 1591 1187 1685 Quam·

156 1702 219 1777 diu
245 1702 284 1781 in
315 1730 463 1778 carcere
499 1703 567 1777 fuit
596 1706 788 1795 Socrates,
822 1731 891 1779 nos
913 1703 1075 1805 plerique
1105 1705 1185 1800 ejus

156 1817 264 1893 amici
286 1819 448 1919 quotidie
468 1821 699 1895 veniebamus
717 1822 765 1896 ad
784 1846 868 1896 eum
883 1846 1010 1909 mane,
1032 1837 1069 1894 et
1087 1819 1186 1897 diem

157 1960 242 2009 curn
264 1963 308 2010 eo
328 1939 616 2034 transigebamus
629 1965 637 2008 z
652 1938 784 2013 ultimo
805 1963 892 2016 vero
923 1938 982 2011 die
1003 1937 1185 2011 maturius

157 2052 267 2124 etiam
295 2051 340 2124 ad
367 2076 452 2124 eum
475 2054 653 2149 venimus.
674 2053 918 2127 Audieramus
947 2052 1047 2123 enirn
1066 2051 1184 2149 pridie

158 2168 238 2263 ejus
259 2166 347 2253 diei,
374 2193 507 2240 navem
527 2167 620 2239 Delo
643 2166 850 2254 advenisse,
876 2169 947 2266 qua
966 2167 1185 2243 adveniente

161 2285 303 2358 Socrati
322 2282 556 2357 moriendum
575 2299 673 2372 erat;
697 2301 735 2357 et
757 2283 842 2357 alius
863 2284 919 2356 alii
935 2285 1108 2359 nuntians
1126 2280 1185 2360 ad·

157 2401 401 2505 monebamus
432 2399 591 2473 invicem
625 2415 661 2472 et
697 2399 1005 2499 constituebamus
1039 2429 1185 2479 summo

157 2545 269 2594 mane
292 2519 338 2591 ad
358 2543 543 2590 carcerem
568 2518 702 2592 venire.
731 2520 850 2616 Igitur·
867 2535 1012 2619 postero
1038 2519 1096 2594 die
1116 2521 1184 2596 sub

156 2638 276 2736 ipsum
303 2636 503 2712 diluculum
533 2637 698 2708 venimus
735 2637 782 2708 ad
808 2638 993 2724 tribunal,
1027 2637 1088 2711 ubi
1114 2641 1185 2713 So-

153 2755 262 2829 cratis
285 2753 460 2851 judicium
491 2767 614 2825 actum
641 2765 734 2837 erat,
762 2750 863 2848 quod
891 2750 989 2824 haud
1014 2753 1139 2850 procul
1162 2780 1185 2829 a

117 2854 120 2863 ¹
157 2896 305 2945 carcere
345 2870 506 2944 distabat.
550 2866 766 2943 Solebamus·
797 2865 898 2940 enim
939 2893 1086 2967 quoque
1118 2893 1188 2970 per

156 2987 409 3061 antecedentes
446 2986 521 3059 dies
562 2985 612 3060 ibi
637 2984 861 3072 convenire,
891 3000 999 3086 atque
1040 3013 1185 3087 exspem

155 3119 258 3189 tare,
275 3104 395 3175 donec
416 3106 618 3200 aperiretur
639 3129 773 3176 carcer.
793 3107 919 3202 Quum
932 3102 977 3176 ad
995 3129 1184 3181 carcerem

160 3219 399 3308 accessimus,
423 3218 579 3314 janitor,
601 3219 664 3318 qui
682 3246 750 3292 nos
764 3221 1010 3296 intromittere
1027 3206 1187 3311 solebat,

160 3338 261 3436 jussit
291 3363 359 3410 nos
392 3337 656 3437 aliquantulum
680 3336 769 3412 foris
798 3365 970 3431 manere,
996 3340 1183 3416 Undecim

157 3455 229 3529 viri
256 3454 379 3543 enim,
403 3455 547 3556 inquit,
572 3455 670 3530 intus
692 3471 801 3545 sunt,
832 3457 893 3557 qui
920 3462 1107 3536 Socratem
1138 3484 1182 3532 ex

156 3573 309 3651 vinculis
327 3573 497 3661 solvunt,
513 3570 617 3674 eique
636 3577 882 3669 annunciant,
898 3574 1006 3644 hodie
1020 3575 1182 3648 moriun-

159 3688 249 3762 dum
269 3692 301 3762 ei
326 3717 400 3764 esse
425 3721 433 3762 :
460 3692 566 3789 paulo
583 3707 666 3788 post
686 3690 853 3772 rediens,
887 3686 1084 3761 introinisit
1101 3715 1180 3764 nos.
1200 3763 1203 3766 Δ

158 3805 210 3880 Et
230 3805 535 3904 deprehendimus
557 3808 742 3881 Socratem
762 3828 808 3875 ex
831 3803 980 3878 vinculis
997 3805 1154 3880 solutum
1170 3833 1185 3877 t>
1264 3888 1274 3907 .

158 3950 273 4022 prope
294 3922 396 3995 illum
419 3918 563 3996 sedebat
588 3946 679 3993 uxor
703 3915 938 4018 Xanthippo,
961 3921 1186 4021 infantulum
1282 3993 1290 4010 ,

160 4040 253 4112 ulnis
283 4041 554 4137 tenensQuae
585 4053 626 4112 ut
658 4063 724 4111 nos
754 4038 966 4136 conspexit,
1005 4041 1177 4137 continuo

160 4154 375 4243 exclamavit
388 4216 397 4261 ,
412 4173 468 4261 et,
491 4171 531 4235 ut
544 4157 663 4243 solent
677 4156 865 4265 mulieres,
883 4157 1036 4256 ejulatus
1050 4159 1173 4264 edidit,
1213 4236 1225 4259 ,
