2632 4994
662 365 848 528 (70)³

211 582 409 684 colligitur,
430 600 467 658 et
490 605 663 656 consensu
687 580 794 654 totius
817 578 1036 681 antiquitatis
1067 595 1242 671 constat,

215 701 418 777 animorum
445 698 752 773 immortalitatem
777 712 916 774 tantam
938 696 1107 773 habuisse
1125 698 1165 769 in
1179 696 1244 771 So·

215 819 323 892 cratis
343 815 641 914 disputationibus
660 810 933 901 auctoritatem,
959 831 999 889 ut
1026 815 1101 887 fere
1129 813 1243 911 prob-

214 934 407 1012 cisceretur
430 932 476 1005 ab
496 936 557 1018 ed,
585 946 623 1005 et
646 931 783 1005 rediret
808 932 853 1005 ad
874 958 968 1005 earn
988 932 1108 1006 omnis
1131 955 1247 1027 argu-

212 1047 328 1122 menti
349 1046 439 1120 ratio
462 1065 497 1120 et
519 1032 712 1123 conclusio.
733 1049 902 1148 Denique
924 1046 1182 1145 Xenophontis
1201 1046 1246 1118 si·

211 1156 363 1239 lentium
383 1165 557 1240 exstiterit
577 1165 729 1241 fortasse
753 1167 897 1262 exejus
924 1192 1009 1239 curn
1032 1165 1183 1238 Platone
1199 1162 1246 1234 si-

213 1279 388 1357 multate:
407 1282 505 1381 quod
521 1297 562 1356 ut
583 1280 953 1357 animadvertendum
975 1298 1028 1356 est
1049 1278 1244 1378 praecipue

213 1395 260 1471 ab
288 1398 348 1487 iis,
377 1397 440 1499 qui
465 1401 664 1472 Socraticas
696 1425 754 1473 res
777 1413 965 1487 tractant;
997 1398 1045 1471 ita
1071 1394 1245 1469 hocloco

211 1542 327 1590 unum
356 1517 562 1590 observasse
601 1516 712 1588 nobis
734 1517 820 1588 satia
845 1533 897 1589 est
921 1544 930 1587 :
955 1515 1245 1612 Xenophontem

211 1621 263 1730 de
280 1631 455 1704 industria
468 1633 655 1705 Socratem
674 1629 850 1702 inducere
867 1656 951 1702 raro
964 1646 998 1704 et
1015 1628 1142 1701 leviter
1161 1624 1244 1700 a'ni-

210 1772 355 1818 morum
373 1745 680 1821 immortalitatem
695 1734 923 1843 tangentem;
943 1743 1041 1843 quod
1057 1743 1161 1815 Pisto
1175 1741 1242 1814 itta

209 1863 367 1937 Socratis
391 1863 655 1962 disputatione,
675 1888 769 1963 quae
791 1861 988 1938 Phaedone
1006 1861 1244 1948 continetur,

208 1982 263 2054 ita
282 1981 327 2053 de
343 1982 412 2054 hoc
424 1997 638 2086 argumento
654 1980 893 2067 disseruisset,
914 1995 955 2053 ut
980 1980 1146 2076 jamtum
1161 2002 1241 2049 om·

179 2099 324 2170 ·niunr
339 2123 516 2171 consensu
538 2153 547 2184 ,
578 2111 618 2174 ut
653 2095 703 2173 in
717 2097 910 2195 proverbio
939 2110 1009 2181 est,
1031 2088 1241 2168 mahumete·
1295 2121 1306 2135 ··

210 2230 285 2288 eum
318 2241 403 2286 aere
421 2214 618 2308 perennius
642 2213 808 2308 exegisse
832 2212 1062 2307 judicaretur.
1094 2209 1174 2297 Sed
1199 2223 1243 2280 ut

211 2331 251 2402 in
271 2328 468 2400 Phaedone
492 2326 652 2429 rationes
676 2328 948 2427 sententiaeque
962 2370 963 2374 =
976 2328 1109 2404 nultae
1127 2341 1240 2419 sunt,

210 2469 303 2544 quae
322 2442 464 2516 Socrati
485 2443 540 2516 vei
556 2440 829 2540 displicuerunt,
844 2446 901 2515 vel
924 2444 964 2515 in
982 2461 1142 2518 mentem
1151 2446 1241 2514 ”non

155 2585 162 2599 ·
210 2575 412 2647 venerunt,
430 2573 528 2631 certe
544 2557 590 2631 ab
610 2558 687 2648 ejus
703 2555 934 2655 philosophia,
946 2556 1240 2630 abhorruerunt:

211 2678 268 2752 ita
287 2675 383 2750 idem
400 2676 513 2749 Plato
531 2675 568 2746 iu
590 2700 635 2749 eo
659 2673 773 2761 libro,
798 2673 861 2773 qui
886 2674 1065 2773 Apologia
1082 2676 1243 2749 Socratis

210 2794 449 2879 inscribitur,
471 2794 658 2867 Socratem
680 2790 724 2864 ad
746 2791 884 2888 judices
912 2792 1125 2890 loquentem
1154 2792 1243 2866 facit

212 2934 261 2999 eo,
283 2910 414 2998 ruodo,
437 2909 500 3010 qui
524 2908 653 2982 modus
678 2903 894 2982 max'imeet
913 2909 967 2981 rei
1001 2924 1037 2981 et
1061 2934 1264 3007 personae

20 3026 24 3042 ⁴
128 3012 131 3017 ⁸
206 3027 379 3115 Socratis,
405 3024 451 3099 et*
471 3025 610 3107 veritati
637 3040 899 3101 consentaneus
921 3025 990 3114 sit;
1020 3040 1057 3100 ut
1090 3025 1166 3124 ipse
1183 3026 1242 3105 ci-

204 3169 294 3227 cero
313 3170 391 3217 non
412 3140 631 3216 dubitaverit
655 3144 819 3218 Platonis
840 3143 1236 3243 auctoritatem-sequi,
1299 3219 1306 3240 ¹

207 3260 357 3358 ejusque
382 3260 502 3331 locum
528 3259 674 3333 laudare
701 3287 709 3330 ε
735 3288 846 3361 quem
867 3262 1014 3360 quidem
1041 3262 1162 3334 locum
1189 3285 1237 3334 ex

185 3376 367 3450 'Platonis
395 3375 490 3448 iibro
525 3376 627 3450 vobis
652 3375 808 3452 referam
836 3403 844 3447 ε
870 3381 1011 3476 Magne
1041 3399 1097 3450 me
1124 3402 1237 3476 spes,

207 3490 348 3590 inquit,
377 3489 539 3585 judiees,
570 3505 690 3579 tenet,
721 3491 810 3566 bene
839 3493 935 3566 milti
944 3494 1109 3600 'evenire
1138 3492 1253 3591 qued'

146 3636 161 3666 ⁸
202 3611 334 3683 mittar
361 3609 411 3679 ad
437 3616 597 3681 mortem,
619 3612 776 3683 Necesse
796 3627 853 3685 est
877 3612 973 3684 enim
1000 3612 1053 3685 sit
1074 3610 1236 3695 alterum

74 3816 80 3832 ,
203 3728 248 3799 de
272 3724 432 3810 duobus;
462 3741 500 3798 ut
515 3740 580 3798 uut
599 3751 728 3800 sensus
745 3729 890 3802 omnino
911 3727 1027 3800 omnis
1053 3750 1153 3799 mors
1171 3751 1235 3799 au-

134 3859 136 3863 ·
191 3841 323 3934 seret,
349 3857 413 3914 aut
436 3843 476 3913 in
500 3841 825 3944 alium-quemdam
846 3838 965 3919 locum
983 3869 1032 3916 ece
1058 3842 1117 3917 his
1146 3844 1237 3926 loeis

207 3976 320 4034 morte
333 3961 518 4056 migretur.
535 3960 773 4059 Quamobrem
788 3965 860 4036 sire
882 3990 1013 4037 sensus
1033 3961 1235 4054 exstingui-

205 4091 283 4162 tur,
296 4101 460 4174 morsque
476 4078 512 4149 ei
524 4102 648 4149 somno
658 4079 792 4150 semilis
804 4096 860 4150 est
871 4138 880 4165 ,
892 4081 957 4177 qui
962 4070 1228 4174 nonnumquam

171 4285 174 4296 Ι
204 4188 312 4263 etiem
324 4190 403 4267 sine
416 4191 501 4276 risis
517 4190 736 4299 cerariorum
748 4245 756 4294 ,
765 4191 1054 4297 placatissimum
1070 4192 1221 4294 quietem
