2632 4994
489 460 492 465 ·
561 415 590 517 J(
620 418 682 492 131
709 414 730 509 )'

181 559 185 566 ¹
211 550 316 642 'pipeti
328 563 410 653 Ἇνᾲμα
432 545 593 640 elnensi&
618 561 648 626 ol
668 572 695 628 οἵ
705 573 815 643 μάντεις
835 564 897 632 tet
913 566 1159 648 ψυχὸνμπευί-

144 688 149 695 ·
219 687 289 738 μενοι
306 665 465 744 &lauterunt
485 672 538 734 elce
560 667 657 738 ψυχᾶς
677 672 730 727 τῶν
749 672 848 742 stupor.
870 698 909 712 -
929 667 1034 741 Porro,
1047 667 1095 747 qm'
1114 664 1159 726 de·
1218 660 1223 667 ⁵
1259 692 1267 702 ·

217 755 376 816 summorum
396 759 500 818 animas
522 756 828 837 ciebant'pcxoneperl
846 763 895 822 vel
920 772 1086 845 ψυχαγωγοὶ
1105 783 1160 844 tp-

218 852 392 934 pellebantur
414 878 421 912 :
442 853 478 914 de
500 851 599 932 quibus
616 852 676 916 vid.
696 854 810 953 Wfsml.
827 858 960 922 adsDiod.
981 862 1037 923 Sic.
1060 862 1097 923 ‘L
1123 881 1159 934 1,

220 970 251 1032 p.
279 951 345 1013 108.
888 1027 893 1035 ¹

260 1049 434 1108 &adoerius
460 1054 667 1129 conjectantur
685 1072 731 1109 res
751 1048 885 1132 abditae)
900 1048 966 1111 Seu.
991 1053 1081 1134 Epist.
1097 1055 1158 1114 58:

214 1143 319 1203 ‘Multi
329 1156 437 1223 aperta
454 1157 616 1206 uunaeunt
623 1189 635 1217 ,
648 1147 772 1206 condita
789 1160 820 1205 et
838 1147 981 1206 obrem
994 1151 1156 1211 rimantur.

217 1241 358 1320 -Atque
367 1241 435 1301 alibi
444 1287 453 1318 ,
461 1245 575 1304 Acrior
581 1288 593 1316 ,
605 1245 712 1323 inquit,
722 1258 768 1303 eet
780 1245 934 1323 cupidines
946 1264 1028 1305 nova
1040 1267 1161 1326 ecgrice-

222 1339 331 1412 cendi,
350 1362 444 1422 quarn
462 1355 535 1401 note
564 1344 715 1423 repetendi
737 1367 747 1401 .·
767 1344 812 1401 od
829 1364 911 1401 nova
931 1343 1067 1402 homines
1088 1365 1162 1402 con-

163 1425 189 1465 7
219 1449 345 1496 canunt
356 1479 368 1509 ,
387 1440 473 1499 'odeo
495 1452 531 1500 ut
560 1440 713 1522 quidquid
738 1439 895 1498 insolitum
915 1452 962 1499 eet
990 1442 1024 1497 in
1049 1439 1138 1505 turbo
1148 1481 1161 1510 ,
1222 1429 1232 1460 ⁸

220 1535 315 1594 etiam
341 1536 474 1597 notabile
498 1550 552 1600 eet.
649 1580 652 1585 »

259 1633 510 1715 Suedenborgius)
522 1633 588 1694 Fuit
606 1633 653 1693 hic
663 1634 852 1693 Emmanuel
870 1633 1164 1715 Suedenborgiuevir

218 1726 330 1804 quidem
348 1728 466 1805 doctus,
492 1729 542 1792 sed
561 1731 645 1792 simul
665 1732 748 1791 etiam
767 1733 849 1794 homo
875 1731 1022 1795 fanaticus.
1042 1731 1163 1792 Patriam

216 1819 319 1887 habuit
333 1823 493 1897 Holmiam,
511 1826 624 1885 Sueeiae
634 1826 817 1908 metropolin,
832 1826 882 1886 ubi
894 1849 970 1889 anno
990 1826 1065 1908 1689
1078 1842 1160 1888 natus

218 1933 268 1982 est.
287 1921 441 1998 Peragratis
462 1920 556 1983 multis
575 1921 703 2006 Europae
726 1924 907 2003 regionibus,
928 1926 962 1981 in
979 1924 1095 2002 patriam
1116 1945 1164 1982 re-

102 2052 104 2067 ·
220 2036 333 2090 versus,
349 2018 468 2098 Upsalae
491 2017 663 2079 domicilium
681 2020 736 2079 sihi
754 2020 835 2089 lixit,
856 2037 887 2075 ac
908 2018 1016 2097 scriptis
1038 2018 1093 2078 suis
1113 2019 1164 2077 in-

221 2111 368 2174 clarescere
381 2115 481 2195 coepit.
491 2114 548 2176 Sed
556 2127 649 2197 postea
664 2115 782 2196 patriam
791 2112 884 2203 denuo
895 2114 1026 2194 reliquit,
1040 2119 1165 2194 quamvis

160 2232 164 2240 ·
221 2192 271 2270 ἱιιΩ
284 2211 333 2271 ille
356 2211 517 2273 honorificis
541 2213 703 2273 muneribus
729 2214 913 2292 fungeretur,
938 2225 966 2272 et
994 2212 1077 2274 modo
1096 2213 1143 2273 hic
1155 2259 1164 2288 ‚

221 2304 308 2370 medo
321 2309 381 2370 illic
397 2324 577 2372 commoratus
594 2326 650 2386 est,
667 2311 838 2394 potissimum
856 2331 923 2370 vero
933 2311 966 2370 in
981 2311 1100 2391 englis,
1114 2311 1164 2371 ubi

219 2406 333 2468 tandem
354 2407 495 2484 londini,
514 2410 686 2490 octogenario
709 2407 810 2490 major,
829 2407 974 2491 apoplexia
1003 2422 1164 2488 correptus,

217 2501 293 2565 diem
320 2526 476 2588 supremum
508 2506 577 2567 obiit
596 2527 671 2567 anno
696 2529 780 2591 1772.
806 2506 874 2570 Vid.
895 2507 995 2568 Saxius
1010 2507 1045 2568 in
1068 2508 1162 2569 Oxou.

116 2674 121 2687 1
218 2600 253 2661 Τ.
272 2601 330 2675 vl,
350 2623 380 2683 p.
401 2601 481 2674 356,
499 2616 615 2682 etopus
636 2605 801 2662 Germanice
821 2604 974 2680 scriptum,
996 2605 1048 2660 eui·
1067 2604 1164 2664 titulus

118 2690 120 2695 ⁵
218 2710 260 2760 est
284 2700 669 2760 Convereations-Leaicon
689 2697 769 2756 Tom.
787 2694 850 2769 IX,
866 2716 895 2776 p.
916 2695 986 2778 675.
1000 2729 1040 2744 -

137 2819 171 2883 Ρ.
181 2816 432 2899 24.An‘ctotelern
449 2813 618 2897 dubitasse)
632 2814 698 2893 Arg.
720 2813 779 2874 cie.
801 2810 836 2874 de
853 2812 888 2875 N.
909 2811 945 2876 D.
962 2812 986 2876 l.
1003 2813 1065 2875 38:
1083 2837 1165 2896 quem

218 2916 311 2993 locum
329 2915 387 2975 viri
413 2913 488 2974 docti
512 2912 629 2976 diversis
646 2910 804 2972 rationibus
824 2911 963 2993 explicare
990 2912 1168 2978 studuerunt.

219 3010 302 3072 Conl.
319 3009 526 3070 Tiedemannus
540 3011 572 3070 in
591 3009 664 3070 libro
679 3008 844 3069 Germanice
865 3009 968 3090 scripto
986 3011 1038 3070 De
1052 3015 1167 3091 pn'mie

226 3108 376 3179 Graeciae
403 3106 628 3186 Philosophia,
654 3127 684 3188 p.
712 3108 750 3166 30
761 3150 771 3181 ‚
789 3105 940 3188 Wyttenb.
965 3108 1047 3170 Bibl.
1071 3111 1143 3172 eur.
1153 3153 1165 3181 ,

190 3252 193 3256 »
217 3205 249 3268 P.
261 3204 332 3279 vl,
353 3225 384 3287 p.
405 3203 463 3280 81,
485 3218 514 3264 et
532 3205 682 3266 Creueerus
700 3203 737 3265 ad
759 3207 821 3267 Cic.
838 3205 859 3267 l.
879 3207 901 3267 l.

261 3307 450 3385 Frequenter
468 3309 537 3383 ejus
553 3305 734 3362 mentionem
744 3302 845 3385 fucit)
861 3303 906 3363 An
919 3303 951 3363 in
969 3305 1078 3387 scriptis
1092 3306 1168 3366 Aris-

169 3469 176 3479 ·
219 3401 329 3475 totelis,
350 3421 419 3480 quae
435 3413 552 3461 aetatem
570 3399 713 3476 tulerunt,
730 3401 861 3482 frequens
882 3402 987 3462 mentio
1011 3403 1116 3482 Orphei
1140 3417 1169 3463 et

222 3499 361 3582 Orphicae
376 3498 540 3582 disciplinae
558 3511 646 3559 exstet
656 3544 665 3574 ,
683 3499 765 3561 valde
784 3499 918 3561 dubitem.
939 3495 1087 3573 Hucusque
1107 3521 1168 3559 non
1205 3556 1211 3564 ,

220 3598 276 3656 nisi
297 3594 352 3657 duo
370 3597 429 3658 loca
451 3597 559 3659 inveni.
580 3595 658 3658 Prior
680 3597 781 3673 legitur
801 3596 833 3650 in
858 3590 908 3684 illo
937 3603 1075 3670 suspectae
1100 3594 1168 3654 fidei

220 3691 317 3752 libello
337 3694 388 3754 De
408 3697 531 3760 Mundo?
542 3713 567 3753 c.
585 3714 602 3773 7
625 3714 632 3747 ε
653 3690 787 3770 posterior
805 3686 837 3748 L.
855 3706 867 3745 1
887 3687 938 3744 De
958 3687 1080 3747 Anima
1097 3711 1121 3752 c.
1139 3714 1168 3775 7.

220 3787 327 3849 Verum
335 3789 456 3868 loquitur
467 3787 626 3849 Aristoteles
638 3784 782 3862 aliquoties
791 3781 891 3865 (veluti
900 3785 934 3841 in
945 3787 1124 3868 Metuphye.
1133 3789 1148 3847 I
1158 3833 1170 3862 ,

224 3886 309 3961 e.3;
328 3884 385 3958 111,
404 3883 588 3962 0.4;X1V‚
607 3903 632 3942 c.
652 3880 673 3942 6
692 3879 979 3962 et8),deantiquie
999 3885 1168 3968 Tlreologia.
1256 3927 1262 3951 .

224 3983 262 4042 Et
283 4002 368 4060 quum
387 3980 439 4042 vix
457 3976 642 4040 dubitandum
662 3979 720 4050 sit,
743 3977 812 4057 quin
828 3979 947 4055 ‘nomine
971 3983 1168 4063 antiquorum

228 4077 430 4161 elnolegorurn
454 4075 583 4160 inprimis
612 4075 748 4157 Orphieos
776 4075 968 4157 intellexeritj
997 4076 1168 4159 Wpttenba-

227 4173 395 4250 chiumluec
408 4192 514 4262 quoque
527 4175 586 4241 loca
595 4175 745 4258 respexisse
756 4174 865 4258 opinor.
881 4210 919 4226 -
933 4174 1078 4268 Caeterum
1086 4196 1169 4258 vero,
1242 4232 1247 4243 .
