2632 4994
377 1264 618 1369 suerro
652 1295 932 1395 Qunurn.

147 2244 414 2374 Accuuaru
424 2317 474 2371 us
490 2299 565 2392 jam
581 2296 625 2368 ad
649 2299 818 2368 Platonis
832 2298 1064 2372 Phaedonem
1079 2324 1086 2386 ;
1105 2297 1167 2398 qui
1198 2318 1207 2333 ·

47 2484 49 2489 ,
148 2407 239 2479 liber
265 2411 331 2482 etsi
357 2409 402 2482 ab
415 2412 518 2483 omni
547 2438 637 2486 aevo
659 2414 687 2482 is
706 2414 846 2485 habitus
864 2429 940 2500 est,
963 2415 1001 2486 in
1025 2442 1099 2515 quo
1110 2440 1168 2488 ra·

148 2526 268 2599 tiones
292 2527 568 2600 immortalitatis
591 2527 800 2601 animorum
816 2529 1039 2626 ‘gravissime
1067 2533 1172 2603 lucu·
1211 2575 1216 2588 ·

149 2640 415 2742 lentissimeque
448 2643 629 2741 expositae
660 2658 806 2731 essent,
839 2670 861 2716 a
894 2645 1015 2742 paucis
1046 2662 1174 2720 tamen

154 2758 304 2858 legitur,
341 2786 362 2833 a
406 2759 638 2859 paucioribus
676 2760 789 2833 etiam
826 2758 1029 2859 intelligitur
1056 2786 1064 2834 :
1089 2789 1179 2838 curn

90 2965 95 2977 ¹
154 2895 304 2976 propter
329 2877 442 2976 ipsam
469 2876 722 2949 obscuritatem
749 2864 1063 2976 difficultatemque
1093 2905 1177 2951 ma-

156 2998 293 3084 teriae,
320 3012 401 3068 turn
428 3007 578 3092 propter
612 2992 858 3090 disputationis
886 2992 1030 3093 copiam
1067 3009 1177 3094 atque

158 3111 370 3185 ubertatem.
394 3114 514 3206 Quare
541 3109 768 3199 existimavi,
795 3137 855 3183 me
878 3137 957 3185 rem
980 3110 1081 3185 vobis
1107 3111 1176 3185 mi-

156 3228 256 3297 nime
277 3227 457 3323 ingratam
480 3223 683 3314 facturum,
706 3226 735 3300 si
751 3228 858 3324 hujus
874 3229 956 3302 libri
978 3255 1176 3319 summam,

157 3340 277 3442 quoad
301 3344 380 3438 ejus
396 3341 473 3414 fieri
495 3358 632 3439 posset,
650 3342 810 3419 breviter
825 3369 865 3416 ac
878 3343 1061 3446 perspicue
1076 3370 1180 3417 enar·

159 3485 293 3532 rarem.
316 3460 446 3555 Igitur,
468 3484 686 3557 quamquam
710 3461 818 3560 longe
837 3460 1019 3565 difficilius
1037 3475 1114 3545 est,
1134 3486 1180 3534 ac

160 3575 268 3672 vulgo
290 3589 450 3674 putatur,
483 3589 595 3648 totam
624 3574 910 3673 disputationem
941 3576 997 3659 ita,
1021 3575 1058 3648 in
1083 3602 1180 3649 sum-

160 3719 261 3771 mam
298 3707 332 3764 et
358 3672 615 3790 bompendium
644 3690 794 3790 redegi,
821 3706 861 3765 ut
882 3692 959 3786 ejus
978 3705 1102 3765 tamen
1126 3694 1181 3767 ris

91 3814 94 3821 '
159 3825 197 3882 et
220 3810 400 3883 connexio
424 3825 636 3908 appareret;
664 3824 700 3882 et
726 3807 911 3881 brevitatis
935 3834 1040 3915 causa
1064 3835 1108 3881 ex
1136 3806 1192 3882 ea

137 3941 284 4024 parte,
312 3952 406 4024 quae
429 3924 473 3996 ad
499 3924 718 3999 narrationis
750 3941 979 3998 venustatem
1008 3939 1046 3995 et
1069 3923 1184 4023 collo·

136 4066 144 4075 ⁸
163 4041 238 4140 quii
254 4041 598 4115 verisimilitudinem
616 4041 779 4138 pertinet
794 4041 864 4128 ,nil
881 4042 1094 4141 retinerem,
1113 4041 1184 4115 nisi

165 4172 339 4260 quantum
354 4159 541 4259 perspicua
558 4155 736 4233 enarratio
752 4155 961 4252 argumenti
976 4155 1182 4256 postularet.

344 4268 360 4295 t
