2632 4994
580 421 728 515 (ιω)

140 569 238 643 enim
260 596 343 650 cum
360 586 465 646 antea
482 567 632 676 saepius,
647 546 738 675 tum
765 592 852 642 vero
875 568 951 669 ipso
969 569 1034 645 isto
1062 586 1166 674 terna„

114 714 228 793 pore
247 683 431 788 inprimis,
455 672 648 759 admiratus
670 710 749 756 sum
772 685 957 786 ingenium
971 686 1159 773 animum·

73 829 208 906 que
231 806 395 918 Socratis
428 804 521 874 Nam
547 827 622 874 non
646 800 764 874 solum
790 801 996 877 humaniter
1026 827 1159 881 arn-an

135 937 264 1017 terque
293 920 434 1018 excepit
463 919 540 992 illas
571 919 714 992 Cebetis
745 944 787 992 ac
815 919 986 992 Simmiae
1014 919 1157 995 dubita-

132 1032 246 1108 tiones
261 1061 269 1121 ;
298 1035 360 1107 sed
376 1035 668 1122 animadvertens
685 1052 850 1110 nostrum
873 1035 1073 1138 affectum,
1089 1037 1156 1108 sol·

130 1148 243 1224 lerter
273 1177 357 1224 eum
383 1153 655 1254 prudenterque
679 1153 836 1242 sanavit,
865 1179 1004 1254 nosque
1022 1153 1154 1231 inim-

129 1263 354 1361 mortalitatis
389 1297 490 1370 spem
519 1297 561 1344 ac
588 1271 860 1370 persuasionem
901 1270 1062 1345 restituit.
1100 1270 1157 1345 Et

127 1385 291 1485 primum
304 1386 451 1488 quidem
470 1391 651 1488 sapienter
669 1378 829 1488 dejectos
850 1404 996 1462 nostros
1012 1385 1164 1462 animos

129 1501 177 1579 ad
197 1492 401 1615 argumenti
427 1503 695 1600 indagationem
721 1507 922 1592 revocavit,
944 1503 1164 1577 admonuia

128 1643 217 1714 que,
241 1635 281 1690 ut
298 1638 507 1693 caveremus
532 1618 659 1704 uobis,
681 1647 731 1690 ne
750 1621 942 1716 aliquando
963 1620 1047 1693 falsa
1067 1645 1156 1692 cons

128 1726 287 1806 elusione
305 1721 499 1833 decepti
468 1762 571 1847 epus
571 1735 704 1808 erroris
728 1733 976 1829 indignatione
993 1735 1153 1807 astudio

22 1868 26 1887 ·
65 1883 67 1887 ’
124 1845 374 1948 philosophiae
397 1848 682 1924 desisteremus.
708 1874 796 1922 nam
823 1850 878 1920 uti
907 1849 1152 1949 misanthropi

124 1962 320 2041 existerent
326 1969 411 2066 ,qui
431 1995 452 2040 a
470 1966 715 2066 compluribus
731 1966 902 2064 deinceps
919 1967 1216 2058 hominibus,

123 2084 164 2191 in
190 2085 335 2186 quibus
342 2072 537 2183 plurimum
569 2082 654 2156 fidei
681 2083 903 2182 posuissent,
933 2082 1075 2182 decepti
1099 2110 1151 2157 es·

65 2242 68 2257 ·
123 2219 228 2292 sent,
258 2219 298 2274 ut
322 2227 383 2273 eos
403 2201 575 2298 paulatim
595 2199 719 2277 odium
742 2201 912 2276 adversus
930 2226 1057 2274 omnes
1085 2202 1192 2295 ho·

83 2334 96 2352 “
123 2344 242 2390 mines
255 2317 394 2413 capiat
407 2331 515 2415 atque
548 2317 595 2390 ita
619 2318 813 2411 hominum
829 2345 950 2392 osores
969 2318 1150 2393 evadant.

125 2431 251 2506 eadem
274 2429 424 2522 ¹ratione
455 2429 677 2529 misosophos
712 2435 894 2521 existere,
929 2461 991 2509 seu
1015 2461 1151 2510 osores

123 2538 395 2649 philosophiae,
419 2547 479 2646 qui
496 2546 697 2618 sententias
722 2571 801 2632 eas,
820 2572 909 2645 quas
930 2561 1166 2649 magnopere·

120 2663 315 2765 probarint
343 2679 451 2763 atque
477 2661 705 2749 ademerint,
730 2661 833 2735 falsas
867 2689 941 2738 esse
967 2665 1151 2741 intellexe-

121 2781 220 2869 rint,
247 2768 287 2854 ut
311 2779 480 2881 paulatim
505 2781 646 2853 ineam
669 2777 888 2870 inducantur
913 2783 1173 2880 opinionem„

121 2901 174 2986 nil
190 2927 265 2976 esse
284 2901 324 2972 in
342 2890 419 2973 tota
435 2894 656 2998 philosophia
676 2912 793 2971 certae
816 2898 1015 2998 firmaeque
1032 2900 1165 2985 scien·¹
1187 2918 1190 2923 '

121 3018 202 3093 tiae.
231 3020 354 3118 igitur
376 3033 414 3090 et
445 3043 535 3104 nos,
564 3013 707 3123 inquit,
738 3043 760 3089 0
784 3016 930 3111 Amici,
959 3042 1150 3092 caveamus

88 3170 93 3177 ¹
121 3136 228 3208 nobis
247 3133 293 3205 ab
312 3133 381 3205 isto
401 3125 487 3205 vitio
514 3155 522 3199 ε
547 3157 672 3231 neque¹
685 3131 867 3230 patiamur
891 3158 961 3205 nos
984 3160 1148 3234 unquam
1162 3196 1169 3210 .

121 3277 142 3322 a
167 3245 412 3347 philosophiae
436 3246 553 3322 studio
577 3240 765 3324 deterreri.
783 3249 976 3334 Sed‘nunc
998 3253 1148 3350 quidem

122 3365 170 3440 ad
205 3365 425 3495 propositam
460 3365 707 3465 quaestionem
725 3367 944 3440 redeamus.
980 3367 1168 3467 Simmiam

118 3482 297 3557 nimirum
319 3496 444 3579 putat,
456 3481 619 3554 animum
638 3507 713 3556 esse
734 3483 985 3571 harmoniam,
1007 3509 1095 3581 quae
1123 3512 1166 3562 a

30 3630 38 3645 ¹
118 3596 295 3707 partibus
300 3594 493 3686 efficiatur,
508 3598 611 3672 sicuti
625 3600 724 3721 lyrae
742 3614 943 3672 concentus
961 3626 981 3671 a
997 3599 1168 3713 chordis

119 3716 250 3790 existit.
274 3688 388 3789 Enim
421 3743 509 3789 vero
533 3720 628 3790 hanc
650 3696 859 3851 opinionem
887 3717 996 3793 sind
987 3699 1145 3792 ruterro-

120 3832 266 3928 gatione
298 3809 487 3906 confutare
516 3836 675 3944 possim;
700 3835 728 3908 si
757 3834 920 3935 quidem
944 3821 1177 3937 concedis,

120 3949 217 4044 quod
235 3947 346 4020 modo
364 3974 606 4035 concesseras,
627 3951 793 4023 animum
813 3949 920 4027 luisse
945 3967 1168 4045 antequam„

116 4065 157 4161 in
181 4090 316 4164 corpus,
331 4068 479 4150 veniret.
491 4068 585 4148 Nam
602 4065 632 4136 si
657 4063 725 4138 suit
746 4055 1167 4176 animus„‚antequam',
1190 4148 1196 4155 ,

117 4176 248 4276 corpus
288 4197 536 4287 nasceretur„¹
563 4205 708 4256 necesse
744 4181 906 4289 prolecto
937 4195 989 4283 est
1005 4239 1016 4289 ,
1053 4209 1166 4271 eum,
