2632 4994
170 504 183 526 ,
595 404 724 499 (⁵1)

145 551 199 628 ab
224 579 268 627 eo
288 547 406 657 liber,
423 550 588 649 intelligi·
606 570 737 654 posset.
759 555 861 627 >Nam
880 578 992 655 quum
1014 555 1055 629 in
1082 555 1168 630 soli-⁴
1285 626 1289 635 .

151 667 247 743 tatia
272 666 345 742 vita
369 667 549 741 radicibus
568 683 606 740 et
615 669 748 744 herbis
763 695 801 741 se
819 668 978 757 aluisset,
1000 686 1105 770 atque
1122 697 1169 745 ex
1256 750 1261 777 Ι

150 810 197 867 eo
215 784 311 859 victu
333 782 509 884 hydropis
526 786 696 860 morbum
715 786 966 872 contraxisset,
982 787 1022 858 in
1039 790 1170 889 urbem

109 997 114 1009 Ι
151 900 314 989 rediens,
339 915 378 974 ut
399 901 628 975 medicorum
650 906 763 1000 opera
785 903 972 991 uteretur,
991 918 1065 978 tarn
1086 906 1170 977 obs-
1258 918 1263 943 ⁸

151 1041 240 1092 cure
273 1020 417 1092 locutus
451 1033 533 1105 est,
561 1033 603 1095 ut
638 1016 791 1104 medici,
825 1043 902 1090 non
931 1019 1171 1117 intelligentes
1270 1057 1274 1068 ·

136 1127 240 1233 ,qui'd
263 1133 330 1208 sibi
343 1133 477 1223 uellet,
497 1161 581 1207 eum
600 1137 849 1209 remitterent:
867 1134 1058 1231 quaerebat
1073 1137 1172 1209 enim

146 1251 277 1340 exiis,
293 1277 343 1325 on
362 1277 411 1323 ex
430 1251 543 1324 imbre
562 1253 758 1324 siccitatem
763 1249 896 1344 fircera
907 1266 1057 1345 possent
1071 1281 1084 1320 .·
1098 1254 1173 1357 qui-

92 1382 102 1395 ·
151 1369 221 1441 bus
251 1364 372 1441 verbis
398 1360 644 1463 significabat,
670 1391 800 1464 corpus
825 1391 929 1438 suum
952 1365 1174 1457 vitiosobu-

146 1508 257 1558 ,more
284 1482 458 1556 laborare.
481 1483 650 1567 Librum,
673 1507 783 1580 quern
804 1481 863 1553 De
880 1484 1026 1555 Natura
1039 1484 1174 1556 Rerum

149 1598 386 1695 conscripsit,
419 1598 554 1696 quique
576 1597 713 1671 dudum
732 1597 870 1694 periit,
896 1596 1065 1671 involutis
1081 1626 1174 1673 con·
1264 1625 1268 1633 ’

144 1714 332 1788 tinebatur
349 1714 558 1802 sententiis,
575 1741 669 1813 quae
688 1712 796 1786 ueluti
811 1714 954 1787 oracula
973 1714 1175 1813 interprete

153 1859 244 1931 opus
267 1834 460 1938 haberent.
484 1833 818 1937 Quamquamejus
843 1831 1082 1929 haud-,pauca
1099 1859 1175 1907 res-

150 1963 245 2024 tant¹
259 1947 488 2044 fragmenta,
506 1936 559 2021 ‘ex
579 1946 768 2044 quibusde
786 1949 865 2039 eius
884 1947 1110 2044 philosophia
1123 1949 1176 2043 ju·

136 2063 273 2161 udicari
295 2063 417 2160 possit.
440 2067 532 2150 Nos,
553 2063 683 2134 omissa
703 2062 843 2158 reliqua
865 2077 970 2158 parte
984 2047 1176 2163 ,fdicambs

124 2164 129 2171 ⁶
154 2180 215 2278 de.
231 2184 293 2265 el,
321 2205 415 2278 quae
440 2204 526 2252 curn
545 2192 670 2251 nostro
687 2177 838 2251 consilio
869 2177 988 2280 magis.
1007 2197 1062 2255 est
1083 2194 1177 2255 conv

155 2298 291 2394 juncta.
317 2296 432 2393 Igitur
457 2293 660 2368 Heraclitus
679 2294 831 2367 minime
855 2294 893 2366 in
918 2296 960 2367 iis
983 2299 1176 2394 ponendus

155 2429 232 2499 est,
255 2413 316 2512 qui
341 2411 564 2485 Animorum
582 2410 887 2503 immortalitatem
910 2415 1176 2513 repudiarent:
1218 2408 1225 2431 ‘

154 2533 230 2603 sive
261 2544 464 2627 spectemus
501 2530 579 2626 ejus
614 2527 802 2626 magistros
834 2529 1110 2628 Xenophanem
1136 2549 1176 2606 et

157 2644 378 2743 Hippasum,
405 2644 451 2716 dc
480 2668 637 2741 quorum
659 2643 800 2738 placitis
824 2645 1051 2742 exposuimus
1073 2672 1177 2742 supe-

156 2763 252 2835 riore
272 2760 456 2834 lectione}
477 2757 551 2830 sive
580 2758 657 2854 ipsa
683 2757 764 2855 ejus
788 2743 882 2826 dicta
909 2759 1177 2853 expendamus,

149 2904 248 2976 quae
284 2904 329 2949 ex
361 2875 455 2949 libro
491 2874 700 2950 retulerunt
730 2869 927 2969 scriptores
957 2858 1178 2973 superstites.

126 3008 133 3025 '
156 2991 272 3080 Nam,
301 3007 340 3064 ut
361 3004 419 3063 cst
441 2990 536 3088 apud
560 2994 713 3066 Sextum
737 2987 980 3087 Empiricum,
1000 2990 1092 3075 duos
1106 3020 1180 3067 ‘vo-

158 3108 223 3181 luit
249 3131 325 3180 esse
345 3130 471 3178 sensus
493 3106 533 3176 in
550 3103 720 3193 homine,
738 3104 867 3204 quibus
885 3132 1014 3180 verum
1032 3132 1180 3204 cognos-

159 3239 324 3314 ceretur;
344 3223 497 3296 alterum
516 3247 734 3297 communem
755 3248 909 3323 cumque
925 3223 1180 3317 certissimum,
1242 3323 1247 3330 .

160 3369 272 3442 quem
291 3339 441 3441 qullibet
461 3339 696 3439 respiratione
710 3342 809 3417 ,aeris
826 3343 987 3415 traheret
1002 3371 1010 3417 :
1027 3343 1181 3420 alterurn
1199 3397 1205 3405 s
1292 3413 1303 3428 ,

126 3487 129 3491 ’
153 3458 399 3559 peculiarem,
423 3482 577 3556 eumque
607 3455 796 3547 fallacem,
815 3486 929 3560 quum
945 3459 1095 3556 quisque
1112 3464 1182 3535 sibi
1251 3534 1255 3541 ,

160 3575 257 3650 illam
276 3573 489 3673 particulam
508 3577 712 3649 communis
729 3580 856 3671 sensus
875 3575 920 3645 ad
941 3577 1181 3672 suasopinio-
1295 3572 1299 3582 '

162 3715 228 3764 nes
253 3690 455 3790 effingeret,
483 3673 572 3770 Non
582 3705 635 3764 est
654 3691 762 3786 hujus
777 3676 865 3773 loci',
898 3689 1097 3763 sententiae
1116 3693 1181 3763 hu·-
1289 3719 1292 3727 ¹

162 3812 223 3908 jus
241 3806 501 3882 obscuritatem
527 3803 827 3905 illustrarejlloc
850 3827 962 3879 unum
980 3805 1090 3878 velim
1106 3810 1182 3913 ani·
1296 3865 1314 3885 .

155 3923 431 4009 ·madvertatis;¹
444 3947 499 3994 ‚ex
518 3918 688 3993 Heracliti
712 3933 837 3995 mente
861 3919 1081 3997 immortales
1098 3949 1180 4000 esse

167 4042 332 4130 animos;
357 4042 493 4141 quippe
525 4036 630 4113 soluti
658 4036 870 4138 corporibus
894 4037 1035 4116 abeunt.
1058 4066 1181 4121 rursus

164 4157 211 4236 ¹in
233 4185 466 4269 ‚communem
482 4170 625 4264 aerem,
642 4155 708 4257 qttl·
720 4155 902 4267 pullum
912 4213 923 4263 ,
935 4148 1183 4267 [telenum-pet
