2632 4994
582 402 742 500 (915

140 552 205 630 ted
231 552 304 629 solt
328 501 467 630 mentis
495 512 636 627 talione
654 552 881 655 intelligitur.
909 551 1083 646 Animus,
1108 573 1171 634 ut³

137 687 285 775 qunque
306 682 439 774 corpus
468 675 644 748 continuo
662 690 842 764 mutetur,
868 678 920 749 nil
936 696 1172 812 magnopere

137 790 215 892 ipse
235 790 408 892 patitur.
430 812 562 891 neque
573 792 614 863 in
638 792 796 867 eundem
812 790 1073 875 mutationum
1087 780 1169 870 tura'

138 906 266 984 hinem
291 903 524 984 involvitur:
547 900 723 996 Animus,
753 904 913 1008 quamvis
930 939 1064 1025 corpus
1086 900 1169 986 mu·J

139 1016 267 1098 tiletur
299 1040 339 1098 et
378 1023 563 1096 sentiendi
596 1027 842 1099 instrumentis
871 1029 1054 1145 privetur,
1087 1052 1169 1102 ιιοιι·

101 1126 107 1153 '
139 1145 292 1217 tamen
282 1166 358 1235 lpse
382 1134 628 1238 cogitandi
592 1170 630 1216 vr
649 1146 823 1241 privatur.
1164 1216 1168 1225 ,

188 1258 307 1329 Ροιιο
332 1252 543 1345 videamus,
551 1262 719 1358 quanam
740 1259 868 1332 nostri·
863 1274 978 1357 parte
1000 1261 1167 1360 simplicis
1189 1318 1195 1328 -

138 1371 232 1446 illius
259 1386 294 1445 et
314 1369 550 1447 immutabilis
582 1390 729 1448 naturae
757 1398 871 1470 genus
903 1375 1171 1479 intelligamus,
1201 1372 1207 1385 ’

141 1480 315 1565 animone
339 1517 386 1564 an
415 1492 601 1590 corpore?
621 1494 670 1566 Et
693 1506 847 1590 corpore
864 1492 1035 1599 quidem,
1057 1511 1096 1567 ut
1112 1518 1171 1571 sud

138 1635 208 1742 pra
222 1607 453 1695 monuimus,
474 1634 532 1681 res
556 1608 775 1739 compositae
795 1609 930 1682 nobis'
921 1605 1173 1701 innotescunt,¹

136 1725 178 1798 in
196 1718 327 1825 quibus
339 1723 391 1798 nil
410 1722 709 1798 circunstantiae
726 1723 982 1799 necveritatis.
1002 1720 1172 1827 Cumque

137 1837 281 1925 animus
317 1837 378 1912 ad.
400 1839 671 1936 indagationem
702 1838 872 1940 simplicis
900 1841 991 1914 illius
1021 1858 1056 1916 et
1083 1866 1171 1918 vero

120 1957 333 2032 constantis
351 1971 499 2028 naturae
513 1983 550 2030 se
572 1956 653 2046 dat,
675 1956 885 2049 nonmodo
900 1957 951 2029 nil
970 1954 1170 2053 adjumenti
1241 1956 1244 1962 ’

139 2059 336 2171 acorpore
364 2073 582 2143 nanciscitur
608 2102 617 2143 ι
648 2084 779 2142 contra
803 2069 1004 2166 impeditur?
1024 2071 1072 2145 ab·
1094 2078 1171 2164 eo,

139 2182 341 2266 retrahitur
357 2189 403 2261 ad
427 2190 713 2289 compositarum
729 2211 854 2258 rerum
870 2182 1074 2276 turbinem,
1092 2180 1172 2264 uel·⁴
1265 2224 1269 2231 ·

140 2308 257 2408 tigine
278 2307 490 2409 corripitur,
509 2316 546 2379 e't
570 2304 684 2379 veluti
701 2305 822 2378 ebrius
844 2303 998 2379 oberrat.
1014 2308 1149 2383 Contra
1156 2326 1172 2398 ,·'

137 2454 253 2527 quum
285 2425 428 2500 animus
453 2425 530 2522 ipse
554 2450 575 2495 a
600 2449 857 2522 corporearum
883 2418 1173 2526 rerum'cogita-

139 2544 239 2619 tione
258 2570 295 2617 se
313 2532 506 2629 averterit,
532 2540 719 2641 aciemque
738 2568 837 2616 suam
858 2541 897 2614 in
921 2569 957 2617 se
975 2543 1171 2641 collegerit,¹

140 2677 220 2748 tum
255 2678 343 2735 tero
376 2658 635 2756 tranquillitate
670 2658 833 2746 fruitur,
865 2672 903 2727 et
936 2652 1171 2733 sui'similem

138 2792 265 2853 nactus
285 2792 475 2863 naturam,
498 2774 536 2845 in
549 2776 591 2845 ea
608 2788 791 2859 versatur,
806 2770 1042 2869 pasciturque
1058 2764 1179 2867 pura'o’¹

138 2899 372 2994 sinceraeque
385 2886 545 2969 veritatis
562 2886 875 2988 contemplatione.
896 2888 1015 2960 Porro
1029 2888 1171 2982 animus

139 3015 295 3111 imperat
312 3071 320 3101 ,
342 3036 475 3108 corpus
491 3008 614 3083 obedit
634 3007 803 3082 :animus
821 3007 961 3081 domini
975 3024 1094 3107 partes
1107 2997 1173 3083 h'ass'.

139 3127 225 3215 bet,
246 3154 379 3227 corpus
400 3128 518 3212 servi3
538 3140 580 3199 ut
595 3123 686 3198 hine
704 3151 849 3227 quoque
872 3122 1024 3226 intelligi
1044 3129 1172 3226 possit,-

139 3272 237 3346 quae
255 3247 300 3319 sit
317 3241 565 3344 praestantior
590 3239 819 3344 diviniorque
839 3236 987 3331 natura,
1008 3245 1172 3319 animine

140 3387 188 3435 an
214 3363 388 3462 corporis.
412 3361 594 3460 Denique,
620 3360 649 3433 si
672 3386 739 3459 per
758 3375 873 3434 totam
892 3361 1173 3461 disputationem

139 3481 310 3579 apparuit
335 3479 539 3553 contrarias
569 3503 645 3551 esse
671 3478 785 3552 animi
818 3494 855 3551 et
877 3479 1040 3575 corporis
1065 3495 1173 3553 natu·
1263 3494 1268 3501 ’

140 3622 201 3670 ras
217 3623 225 3667 :
244 3612 302 3685 et,
314 3598 344 3670 si
357 3622 486 3671 verum
505 3609 577 3681 est,
592 3595 636 3667 de
655 3621 729 3692 quo
750 3594 908 3665 dubitari
924 3590 1169 3687 nequit,cou‘·

141 3699 339 3788 trariarum
357 3739 479 3785 rerum
500 3711 677 3784 contraria
700 3733 776 3781 esse
796 3703 984 3792 attributa3
1013 3707 1168 3784 efficitur

142 3830 309 3904 animum
325 3853 400 3900 esse
421 3823 721 3907 indissolubilem,
739 3822 767 3893 si
783 3820 934 3921 quidem
952 3846 1085 3920 corpus
1104 3823 1172 3901 diae

142 3948 306 4021 solvitur.
349 3946 505 4042 Atque,
535 3955 576 4012 ut
611 3938 771 4039 corporis
804 3954 928 4037 partes
962 3941 1168 4015 dissolvun-

145 4077 240 4151 tur,
275 4078 312 4137 et
346 4062 386 4135 in
424 4076 595 4145 terram,
631 4082 789 4157 aquam,
821 4057 967 4154 ignem,
1000 4069 1168 4138 aeremve

150 4180 305 4265 abeunt,
335 4195 373 4254 et
399 4178 607 4277 adjungunt
629 4202 667 4254 se
695 4190 817 4275 postea
839 4176 895 4249 vel
925 4175 999 4248 aliis
1034 4177 1165 4270 rebus,

152 4297 209 4376 set
230 4296 385 4400 plantis,
413 4298 469 4375 vel
496 4292 702 4405 animalium
733 4295 996 4398 hominumque
1032 4323 1168 4398 corpo-
