2632 4994
592 418 797 510 (4)

136 597 142 606 ·
228 565 488 666 significamus,
501 560 663 642 animum-
673 578 750 635 no'n
763 587 846 636 cum
865 566 1028 664 corporis
1048 581 1166 651 morte
1180 595 1250 645 ex

233 682 387 783 stingui,
405 677 518 753 sed
485 703 559 751 vim
577 703 679 751 suam
695 677 880 779 vitamque
895 683 1055 763 retinere
1067 697 1178 783 atque
1196 686 1249 760 vi·

233 825 329 897 gere
800 860 802 867 .
1017 858 1020 862 .

136 900 141 916 ’
280 916 417 1005 Quare,
439 923 480 984 ut
504 910 627 987 animo
646 912 739 985 hanc
756 875 1072 993 immortalitatem
1091 915 1251 992 vindice

115 1098 122 1115 ,
228 1055 330 1114 mus,
357 1027 418 1101 de
423 1027 527 1101 variis
549 1043 715 1103 constare
738 1029 851 1103 causis
875 1029 997 1120 debet,
1026 1032 1183 1133 quibus
1173 1061 1248 1108 rrn-

183 1166 185 1176 *
208 1144 420 1219 mortalitas
441 1144 660 1227 continetur.
673 1147 860 1241 -jPrirna
878 1163 951 1234 est,
967 1149 1100 1248 utipsa
1120 1165 1248 1223 natura

224 1257 350 1333 animi
359 1285 386 1332 a
396 1259 568 1359 corporis
580 1264 710 1337 naturd
722 1263 778 1345 sit
784 1263 940 1353 divers-³13·
959 1278 1001 1337 ut
1015 1266 1074 1343 vel
1091 1267 1248 1364 simplex

224 1377 287 1465 sit,
313 1388 447 1474 neque
442 1376 615 1471 partibus
629 1393 787 1466 constet
796 1378 866 1499 vel
888 1394 987 1453 certe
1014 1405 1096 1455 eam
1114 1379 1248 1455 habeat

224 1496 317 1570 vim
313 1491 600 1593 ‚quaeoorporis
611 1511 729 1571 morte
747 1516 824 1571 non
838 1495 948 1592 possit
961 1495 1107 1582 destrui,
1125 1522 1250 1593 neque

224 1614 265 1683 in
283 1608 471 1707 ejusdem
462 1607 626 1682 rnteritus
645 1607 857 1682 societatem
874 1609 1067 1708 implicari,
1088 1608 1152 1684 sed
1166 1623 1247 1709 post

224 1725 386 1826 corporis
409 1741 569 1800 mortem
586 1726 721 1825 integra
738 1743 773 1800 et
796 1742 974 1826 superstes
989 1728 1042 1800 sit.
1060 1725 1247 1801 -Altera

176 1901 184 1920 s
222 1842 300 1929 est,
320 1859 360 1914 ut
384 1843 526 1915 animus
544 1868 621 1916 non
644 1818 788 1917 tanturn
807 1858 982 1940 superstes
1006 1844 1052 1916 sit
1067 1857 1148 1941 post
1166 1868 1247 1917 cor-

223 1960 518 2061 poris'rnortem,
546 1960 609 2034 sed
627 1959 935 2058 fvimaogitandi,
960 1959 1186 2061 appetendiq‘
1206 1975 1243 2033 et

179 2121 182 2125 ·
219 2079 396 2178 reliquas,
411 2105 503 2178 quae
519 2103 542 2148 a
555 2078 715 2173 corporis
730 2077 928 2153 ministerio
944 2077 1130 2174 sejunctae
1141 2093 1243 2167 sunt,

221 2195 406 2268 facultates
435 2196 599 2260 retineat.
617 2231 661 2246 -
677 2193 820 2281 Tertia,
850 2207 890 2266 ut
913 2221 1032 2294 neque
1057 2196 1244 2272 voluntate

222 2304 429 2404 potentidve
455 2302 532 2372 Dei.
544 2302 695 2376 animus.
706 2307 862 2377 naturali
877 2313 939 2376 sud
955 2313 988 2381 vi
1011 2312 1155 2412 vilique
1172 2312 1246 2410 pri-

222 2439 351 2505 vetur,
365 2432 486 2515 ⁴atque
515 2418 778 2514 exstinguatur.¹
959 2433 960 2436 ’

219 2603 223 2615 ,
272 2541 393 2634 Atque
417 2532 462 2606 de
487 2533 556 2605 his'
574 2531 684 2604 tribus
704 2534 848 2633 *causis,
875 2547 1059 2633 tamquam
1085 2541 1260 2636 partibus,

222 2653 332 2751 hujus
355 2647 600 2750 disputationis
618 2649 686 2720 alio
711 2664 877 2747 tempure
893 2640 1145 2751 exponemui,
1165 2681 1243 2754 pos·
1291 2726 1302 2748 „

222 2788 390 2869 teaquam
409 2767 596 2840 universae
621 2766 728 2862 hujus
757 2770 979 2856 sententiae,
1006 2795 1099 2878 quae
1118 2787 1169 2846 est
1183 2773 1242 2846 De

222 2892 427 2984 animorum
442 2885 729 2969 immortalitate,
751 2883 850 2981 initia
862 2901 897 2958 et
907 2912 1125 2984 ⁴progressus.
1139 2916 1242 2965 enar-

223 3006 449 3090 raverimus,
477 3005 623 3097 ejusque
643 2997 829 3074 historiam
843 3003 960 3077 veluti
978 3031 1000 3077 a
1011 3006 1142 3104 primi
1160 3010 1243 3106 phi-

219 3122 405 3218 losophiae
419 3133 454 3188 et
470 3115 719 3187 doctrinarum
729 3115 870 3214 origine
884 3117 930 3193 ad
944 3134 1111 3197 nostram
1129 3148 1241 3222 usque

221 3253 381 3312 aetatem
404 3213 695 3307 deduxerimust
680 3232 856 3330 Magnum
873 3235 973 3307 enim
994 3238 1033 3307 in
1052 3261 1154 3311 omnr
1143 3238 1241 3314 dis·
1266 3299 1269 3311 ,

222 3352 408 3456 putatione
422 3362 647 3425 momentum
662 3364 715 3423 est
727 3349 914 3427 historicae
928 3350 1159 3448 cognitionis,
1168 3358 1242 3455 qua

219 3469 448 3568 intelligitur,
465 3464 629 3564 aquibus
641 3464 752 3540 initiis
770 3465 1163 3568 prosecta‚-quibusque
1176 3472 1240 3544 in-

218 3585 417 3662 crementis
443 3566 547 3658 aucta
562 3582 612 3656 sit,
626 3582 823 3670 sententia,
840 3583 972 3680 quibus
991 3583 1106 3657 dubiis
1120 3602 1156 3660 et
1174 3589 1239 3661 ho·

223 3705 367 3806 minum
383 3696 1008 3815 doctorumcontentionihusagitata
1022 3703 1066 3776 sit
1086 3701 1238 3804 :quibus
1293 3702 1295 3706 ⁷

222 3821 422 3898 sationibus
439 3819 498 3891 alii
510 3819 732 3916 probabilem
747 3817 963 3919 quaestionis
978 3820 1116 3894 exitum
1132 3846 1236 3917 repe-

219 3937 358 4025 rerint,
376 3935 440 4010 'alii
469 3934 507 4008 in
530 3961 645 4019 vanas
672 3936 862 4033 opiniones
890 3935 1105 4020 inciderint,
1138 3935 1235 4008 etin

223 4064 366 4127 errores
390 4082 428 4128 se
446 4053 632 4130 induerint
653 4052 924 4136 inextricabiles.

263 4171 321 4245 Et
340 4170 445 4266 hujus
462 4168 630 4247 historiae
652 4187 753 4249 nune¹
769 4165 935 4268 quidem3
954 4164 1117 4271 queisque
1131 4168 1235 4258 dein:
