2632 4994
286 1388 861 1473 Lucrlo'sueurtua,

70 2364 362 2490 Surunlonu
385 2413 544 2491 lectione
561 2417 818 2518 disputavimus
835 2389 1011 2495 decausis
1031 2421 1091 2511 iis,

68 2534 194 2633 quibus
213 2560 316 2608 mens
336 2537 512 2625 humana,
529 2537 615 2612 licet
636 2539 800 2614 nondum
820 2537 1013 2642 disciplinis
1029 2562 1093 2614 ex·

71 2651 183 2737 culta,
198 2657 268 2748 'sua
294 2668 420 2749 sponte
438 2667 559 2724 tamen
580 2654 654 2749 ipsa
670 2652 707 2723 in
724 2652 938 2749 opinionem
958 2653 1003 2723 de'
1015 2646 1096 2725 'ani-⁶
1115 2716 1123 2727 .

75 2792 219 2862 morum
241 2767 515 2843 immortalitate
535 2766 711 2839 defertur.
729 2754 943 2836 Proximum
966 2779 1035 2852 est,
1053 2782 1094 2842 ut

74 2883 274 2973 videamus,
289 2885 418 2984 quibus
428 2883 664 2958 incrementis
676 2897 796 2967 aucta,
811 2878 1096 2981 quibusquegra·

74 3000 178 3073 dibus
197 3000 242 3073 ad
260 3000 499 3097 persuasionis
518 3001 729 3083 firmitatem
744 2998 906 3074 creverit
920 2999 1011 3072 haec
1022 3000 1097 3097 opi·

77 3115 164 3202 nio,
192 3129 428 3214 posteaquam
451 3144 573 3190 rerum
597 3116 798 3190 abditarum
812 3113 943 3188 'causae
964 3117 1009 3189 ab
1035 3119 1099 3190 ho·
1144 3157 1146 3161 ·
1172 3150 1206 3211 ,ι

75 3230 234 3304 minibus
260 3231 439 3331 indagari,
460 3248 495 3306 et
517 3222 611 3316 adeol
621 3233 845 3333 philosophia
873 3232 1098 3333 frequentari

80 3365 292 3446 coeperunt.
308 3350 389 3446 Qua
411 3349 558 3449 quidem
574 3351 787 3449 quaestione
806 3342 869 3424 shli
883 3350 989 3424 nobis
1002 3375 1100 3451 spec·
1191 3411 1201 3425 .

78 3463 180 3536 tandi
193 3478 279 3537 sunt
296 3466 439 3538 Graeci.
454 3469 546 3541 Nam
559 3467 718 3567 reliquae
732 3465 1098 3563 gentes‚Phoenices,
1143 3451 1146 3455 ⁵

78 3580 266 3678 Aegyptii,
285 3581 432 3672 Persae,
448 3583 544 3665 Iudi:
557 3565 723 3684 reliquae
735 3585 845 3680 igitur
859 3595 997 3676 gentes,
1011 3610 1103 3681 quae

77 3695 195 3795 aliqua
214 3699 417 3799 sapientiae
443 3700 550 3773 laude
571 3700 797 3781 floruerunt,
818 3721 895 3767 non
918 3696 995 3773 lere
1014 3700 1104 3773 ultra

12 3894 17 3901 ,
51 3805 137 3888 ¹eas
168 3815 410 3935 pervenisse
407 3816 578 3888 videntur
603 3812 771 3901 rationes,
802 3838 887 3912 quas
919 3808 1117 3923 superiore¹

80 3929 231 4005 lectione
257 3902 512 4029 explicuimus:
534 3927 608 4001 sive
635 3928 765 4028 quod
754 3946 803 4003 lta
831 3955 867 4001 se
894 3956 951 4001 res
970 3910 1111 4023 habei;

84 4046 158 4119 sive
172 4048 268 4146 quod
290 4073 416 4121 earum
441 4045 681 4146 philosophiae
700 4046 796 4120 nulla
816 4069 1038 4148 magnopere
1058 3991 1105 4124 ati

10 4257 13 4265 ,
90 4155 254 4256 nostram
273 4181 427 4244 aetatem
445 4180 693 4267 pervenerunt
708 4182 960 4246 monumenta.
978 4171 1107 4246 Graeci
