2632 4994
693 379 824 476 (80)

247 535 310 638 'qui
336 537 389 610 tui
407 538 531 631 curam
545 539 666 627 gerat3
686 523 786 623 quasi
803 547 891 596 vero
911 524 997 598 inde
1017 527 1052 598 in
1072 524 1265 604 meliorem

246 668 380 727 statum
403 649 562 745 effugere
589 640 719 741 possis,
743 655 779 712 et
803 641 1174 724 melioremnanoisci
1192 645 1269 719 do·-

245 771 397 845 minum.

293 888 456 958 Socrates
483 876 655 949 delectari
694 872 883 948 videbatur
913 877 1054 951 Cebetis
1086 873 1270 950 studiose

243 993 504 1094 disputatione,
519 1007 577 1080 et,
593 993 800 1089 Numquam
815 1017 922 1078 vero,
941 992 1079 1091 inquit,
1095 990 1268 1065 credulus

242 1128 296 1186 est
315 1126 438 1185 noster
470 1109 606 1197 Cebes,
634 1134 702 1181 nec
725 1109 931 1206 persuaderi
953 1109 1019 1183 sibi
1046 1109 1149 1183 facile
1173 1109 1266 1209 quid

240 1229 374 1328 patitur
395 1227 472 1301 sine
494 1225 716 1325 argumentis
739 1240 776 1297 et
800 1224 1010 1301 rationibus.
1282 1308 1286 1317 ,

266 1396 270 1405 ·
291 1345 414 1420 Cebeti
430 1343 568 1417 socium
585 1368 622 1417 se
640 1342 807 1439 adjunxit
822 1342 1000 1418 Simmias.
1017 1344 1065 1419 Et
1082 1367 1189 1428 vero,
1209 1341 1265 1412 in·

241 1466 339 1567 quit,
364 1476 461 1537 recte
478 1460 620 1532 monuit
641 1459 774 1548 Cebes,
789 1462 938 1558 ejusque
953 1462 1187 1559 reprehensio
1207 1474 1263 1531 ta-

241 1585 313 1655 cite
337 1580 479 1654 videtur
499 1574 756 1660 adtendere,
784 1600 807 1646 0
832 1576 1015 1665 Socrates,
1034 1579 1115 1677 qui,
1133 1594 1170 1652 et
1194 1602 1265 1651 nos

238 1696 373 1766 amicos
394 1708 492 1777 tuos,
519 1704 557 1761 et
580 1686 748 1763 dominos
772 1687 893 1776 Deos,
918 1714 1035 1789 aequo
1052 1692 1175 1765 animo
1199 1719 1267 1765 re-

240 1810 383 1909 linquis.
680 1874 683 1881 .
902 1886 915 1909 Φ

286 1925 357 1999 Ad.
371 1927 460 1998 haec
482 1924 671 2011 Socrates,
696 1923 776 2019 Age
796 1914 924 2023 igitur',
945 1949 969 1996 o
987 1925 1119 2013 amici,
1146 1951 1271 2025 quan-·

235 2041 434 2144 'doquidem
452 2039 544 2114 mihi
568 2041 668 2111 litem
688 2039 898 2128 intenditis,
925 2066 1067 2115 causam
1082 2043 1176 2141 apud
1195 2067 1263 2115 vos

237 2159 380 2244 dicam,
401 2171 440 2231 et
454 2180 606 2254 operam
629 2153 743 2242 dabo,
762 2172 802 2230 ut
821 2184 901 2232 eam
923 2159 1024 2233 vobis
1046 2161 1157 2257 magis
1173 2184 1260 2257 pro·

225 2276 322 2351 'bem
345 2300 456 2374 quam
477 2270 679 2368 judicibus,
713 2272 777 2372 qui
800 2299 860 2346 me
882 2276 1002 2373 capite
1033 2277 1258 2352 condemna-

223 2407 322 2465 ·runt
348 2418 356 2462 ε
378 2393 501 2486 ltaque
531 2385 716 2459 adsentior
744 2388 867 2476 vobis,
895 2417 954 2463 me
982 2393 1074 2487 juste
1101 2419 1121 2465 a
1156 2392 1285 2466 vobis⁴

187 2583 190 2591 ,
234 2504 454 2607 reprehendi
473 2527 596 2602 posse,
611 2501 710 2602 quod
728 2518 888 2576 mortem
904 2531 1020 2604 aequo
1038 2508 1161 2581 animo
1178 2510 1258 2585 sub-

234 2651 315 2700 eam
328 2683 336 2714 ,
350 2623 418 2698 nisi
444 2623 514 2695 hoc
535 2621 692 2694 firmiter
714 2636 899 2708 tenerem,
917 2648 977 2695 me
996 2641 1078 2723 post
1098 2641 1259 2701 mortem

233 2741 433 2816 feliciorem
447 2738 551 2812 iore·
564 2738 674 2810 Nunc
689 2762 781 2809 vero
796 2738 969 2827 arbitror,
983 2734 1042 2814 me
1061 2742 1106 2814 ad
1121 2742 1258 2816 melio-

233 2886 292 2932 res
305 2874 501 2941 ,venturum
516 2855 683 2928 homines
701 2880 710 2924 :
726 2880 945 2956 quamquam
955 2884 1002 2931 ne
1019 2861 1090 2932 hoc
1106 2859 1260 2958 quidem

233 2974 343 3047 nimis
365 2972 518 3046 affirmo.
545 2970 636 3044 lllud
656 2986 780 3047 autem
804 2971 850 3044 ad
869 2975 1027 3073 optimos
1052 3001 1111 3050 me
1137 2976 1259 3051 domi-

233 3116 301 3165 nos
311 3091 408 3164 Deos
419 3103 625 3173 venturum,
638 3087 708 3161 hoo
724 3114 813 3162 vero
823 3146 831 3176 ,
843 3093 871 3163 si
885 3091 972 3190 quid
984 3078 1256 3197 aliud,summi

233 3204 495 3277 asseveratione
518 3203 703 3277 contendo
715 3220 824 3304 atque
845 3222 965 3282 teneo.
982 3213 1074 3283 Nam
1089 3210 1256 3284 Deorum

232 3317 383 3420 quidem
400 3317 593 3416 imperium
608 3346 686 3393 non
701 3349 849 3421 superos
870 3340 1009 3413 tantos,
1032 3325 1095 3399 sed
1111 3327 1254 3404 inferos
1298 3378 1305 3403 .

232 3437 342 3511 etiam
361 3435 611 3533 complectitur
635 3464 643 3506 :
663 3437 795 3536 ubique
815 3457 899 3514 sunt
920 3442 1001 3528 Dii,
1031 3459 1071 3516 et
1090 3444 1256 3518 ubicum-

231 3580 302 3655 que
327 3579 473 3641 sumus,
498 3577 627 3626 eorum
647 3580 769 3628 sumus
790 3556 942 3632 ministri
967 3586 1009 3631 ac
1031 3560 1125 3633 servi
1155 3585 1256 3634 :eo-
1302 3642 1304 3647 ,

230 3697 384 3769 rumque
408 3669 580 3770 adspectu
603 3687 642 3744 et
673 3675 938 3748 consuetudine
958 3675 1075 3748 multo
1103 3677 1254 3776 propius

180 3838 192 3863 ,ι
228 3787 520 3885 manifestiusque
545 3787 729 3878 fruemur,
749 3807 1005 3892 posteaquam,
1027 3793 1154 3867 relicto
1172 3820 1255 3867 cor·

228 3929 339 4000 pore,
366 3903 506 3978 animus
528 3923 654 3980 noster
682 3933 825 4004 purus,
851 3911 1081 4011 sincerusque
1109 3909 1156 3982 ad
1188 3936 1256 3987 eos

228 4020 368 4119 abierit.
391 4019 511 4115 Quam
532 4037 666 4094 sortem
690 4049 810 4095 meam
831 4027 983 4101 minime
1003 4049 1213 4121 conqueror
1244 4054 1254 4097 z

164 4126 177 4155 ⁵
227 4134 314 4229 quin
339 4150 434 4211 certa
451 4161 511 4232 me
526 4150 627 4214 tenet
639 4159 720 4234 spes
730 4191 742 4236 ξ
758 4135 866 4212 aliam
875 4157 955 4237 post
967 4143 1062 4212 banc
1081 4157 1246 4241 paratam

1184 4244 1207 4293 x
