2632 4994
327 305 331 313 ¹
436 283 635 430 ’(17)
752 352 754 359 ’

59 484 245 575 ducimus,
275 483 487 560 inducamus
518 509 602 557 eum
636 484 748 585 digna
778 482 973 589 immortali
1004 487 1084 568 Deo

56 603 227 690 ratione,
257 627 388 703 easque
415 598 617 679 tribuamus
643 603 677 674 ei
707 601 828 676 laudes
854 620 897 683 et
918 606 1088 698 virtutes,

59 726 151 821 quae
167 719 331 795 infinitae
344 718 423 816 ejus
440 731 478 790 et
494 716 689 791 immortali
708 735 855 793 naturae
871 716 1089 818 congruant.

57 837 131 918 Sed
166 863 211 912 ex
235 837 291 912 his
318 835 518 909 virtutibus
539 832 707 933 inprimis
737 863 811 910 esse
839 839 1089 938 Septentrbm,

59 955 292 1042 Potentiam,
322 950 634 1037 Benevolentiam,
659 954 865 1044 Justitiam,
890 954 964 1056 ipsa
993 984 1086 1057 pro.

56 1056 156 1149 iect‘o
183 1097 242 1145 res
269 1064 305 1144 et
327 1083 460 1142 natura
483 1066 687 1141 declarabat
700 1067 902 1168 ‘unicuique
922 1077 1087 1148 non-he-

57 1184 250 1264 h‘etissimo
265 1185 405 1260 homini
419 1183 577 1283 ingenio.
593 1186 643 1258 At
657 1209 744 1257 vero
758 1184 904 1259 illarum
916 1187 1088 1266 ¹virtutum

57 1305 139 1378 vim
156 1321 267 1402 atque
286 1302 439 1374 effectus
457 1302 497 1373 in
510 1326 635 1373 rerum
649 1301 894 1375 humanarum
912 1303 1089 1403 gubernat·

59 1421 163 1495 tione
191 1417 396 1517 saepissime
419 1415 657 1515 requirebant
682 1445 691 1488 ε
718 1417 824 1491 bonis
848 1419 959 1508 male,
985 1425 1108 1516 malis,
1199 1496 1205 1505 ,

61 1539 158 1610 bene
182 1560 258 1609 esse
280 1530 462 1608 videbant.
492 1533 589 1605 Ecce
614 1534 670 1606 vir
691 1534 829 1632 probus
852 1550 890 1609 et
910 1537 1087 1613 honestus

58 1670 97 1728 et
111 1653 247 1753 patriae
267 1648 529 1725 amantissimus
542 1648 653 1723 vitam
673 1676 875 1750 pauperem
891 1668 926 1727 et
943 1681 1086 1730 aerum·

59 1795 187 1845 nusam
206 1769 323 1868 degit,
349 1792 469 1868 neque
490 1766 626 1841 bonam
642 1769 733 1842 adeo
757 1753 890 1845 famam
909 1773 1005 1848 tueri
1024 1801 1087 1874 po-
1153 1789 1160 1805 ·
1204 1762 1211 1775 “

49 1903 152 1975 test,
175 1885 237 1959 sed
254 1912 286 1969 a
307 1885 402 1959 malo
429 1883 531 1971 cive,
560 1885 624 1982 qui
652 1887 889 1982 tyrannidem
913 1890 1085 1976 molitur,

58 2001 151 2076 salso
163 2000 316 2071 crimine
329 2013 513 2072 accusatus
527 1999 565 2068 in
574 2025 772 2068 commune
783 2004 949 2074 omnium
963 2005 1088 2080 odium
1163 2059 1167 2073 .

60 2115 271 2202 adducitur,
289 2131 325 2187 et
343 2112 520 2210 supplicio
540 2109 705 2182 afficitur.
729 2114 953 2204 Accusator,
975 2120 1089 2193 veluti

60 2259 104 2306 re
142 2230 236 2303 bene
262 2231 386 2326 gesta,
413 2225 545 2299 civium
576 2251 737 2299 errorem
770 2228 808 2302 in
839 2230 941 2307 lucro
963 2237 1087 2335 ponit.

58 2346 169 2420 floret
186 2343 450 2416 auctoritate'et
475 2341 613 2438 gratid;
638 2369 730 2416 unus
755 2345 907 2421 habetur
932 2349 1085 2450 dignus,

30 2463 120 2539 ¹cui
144 2448 345 2563 respublica
375 2458 637 2547 comminatum
665 2480 822 2561 occupat
843 2463 1000 2568 denique
1030 2486 1087 2569 ty-

61 2579 278 2672 rannidem;
299 2594 379 2652 tum
403 2602 494 2649 veru
514 2578 701 2651 neminem
723 2607 809 2675 prae
836 2609 873 2654 se
892 2586 1085 2660 huminem

10 2791 21 2807 .
62 2713 180 2801 putat3
203 2695 400 2783 crudeliter
422 2709 459 2767 et
485 2692 640 2790 superbe
663 2694 839 2790 imperat,
864 2698 957 2790 leges
982 2701 1085 2797 fingit

61 2843 105 2891 ac
126 2814 297 2914 refingit;
323 2828 360 2885 ut
381 2811 532 2912 quisque
557 2807 692 2882 civium
716 2808 812 2907 apud
842 2835 926 2884 eum
951 2811 989 2886 in
1011 2842 1087 2889 sus-

28 2961 31 2975 ·
51 2932 248 3034 ,tpiciouem
267 2927 388 3013 venit,
415 2943 454 3000 ut
480 2926 575 3025 apud
593 2924 774 3025 quemque
791 2925 961 3023 pristinae
979 2931 1088 3005 liber·
1116 2916 1123 2934 ’

61 3049 145 3124 tatis
167 3044 336 3145 spiritum
366 3043 486 3135 vigere
510 3041 723 3128 arbitratur,
744 3043 795 3115 ita
818 3067 999 3146 quemque
1027 3049 1097 3126 vel·

64 3163 175 3240 exilio
201 3157 333 3246 afficit,
356 3157 411 3230 vel
436 3156 540 3231 bonis
563 3158 732 3246 mulctat,
757 3161 810 3233 vel
828 3163 991 3238 carnifici
1016 3183 1089 3245 tra·

64 3422 144 3472 non
163 3393 293 3469 fruitur
308 3416 441 3490 genere
463 3392 822 3493 exquisitissimarum
847 3397 1089 3496 voluptatum3

65 3511 214 3588 tandem
230 3512 357 3583 exacta
375 3521 491 3580 aetate
504 3508 643 3606 quietus
663 3510 701 3581 in
719 3508 851 3583 lectulo
870 3515 1035 3605 moritur,
1048 3545 1091 3591 ac

66 3625 307 3729 tyrannidem
340 3622 414 3697 filio
448 3623 631 3723 relinquit.
667 3625 765 3697 Talis
798 3638 873 3695 erat
905 3627 963 3700 ille
994 3633 1090 3730 apud

67 3750 312 3846 Syracusanos
335 3739 551 3835 Dionysius,
580 3739 657 3810 talis
689 3752 767 3810 erat
788 3739 884 3838 apud
907 3745 1092 3822 Romanos

69 3862 184 3963 Sylla,
205 3858 293 3935 tales
313 3874 347 3928 et
366 3857 481 3954 prisca
498 3871 533 3927 et
545 3853 749 3951 ¹recentiore
764 3873 879 3932 aetate
893 3862 989 3960 apud
1004 3869 1093 3940 mul·
1168 3916 1175 3933 .

70 3999 127 4054 tos
152 3978 305 4079 populos
331 3973 444 4046 multi.
475 3971 578 4068 Quid.
593 3998 680 4045 vero
702 3975 798 4048 cives
822 3992 895 4050 tam
923 3979 1092 4059 immanis

73 4096 210 4171 belluae
234 4084 414 4194 potestate
447 4089 657 4194 constrictos
684 4090 729 4167 de
753 4093 873 4173 divina
894 4097 1090 4180 Provideu·
1199 4154 1202 4158 -
1266 4099 1271 4107 ’

900 4245 926 4301 2.
