2632 4994
637 302 643 335 l

503 362 509 373 .
609 402 612 415 ¹
700 337 889 489 (305,

253 545 377 634 rierit‚
402 568 563 619 caremus
591 543 696 614 etiam
719 543 928 640 cognitione
952 543 1136 628 rationum
1162 575 1269 651 argue

152 709 180 722 ··
251 678 555 758 mutorumque,
587 660 713 758 quibus
745 661 842 732 illam
876 666 1098 740 sententiam
1130 669 1272 770 confir}

250 793 413 856 moverat
435 777 670 874 Pherecydes.
685 820 731 833 -
747 780 800 851 At
819 804 907 853 vero
931 781 1157 880 Epimenidis
1180 783 1271 859 doc-

247 893 587 990 trina-conjunctior
612 893 720 967 etiarn
746 910 824 968 erat
842 921 926 969 curn
944 880 1108 997 Orphica
1118 902 1270 976 ratione.¹

174 1076 177 1081 .
242 1007 380 1093 Rerum
399 1008 616 1082 naturalium
635 1009 781 1082 scientia
802 1026 839 1083 et
855 1011 996 1087 medica
1014 1014 1154 1090 ¹ualebat
1169 1032 1266 1106 arte,

243 1150 285 1198 ac
305 1122 553 1198 celebrabatur
577 1151 619 1197 ea
634 1151 699 1225 per
719 1130 911 1204 Graeciam
930 1130 1046 1219 lama,
1076 1160 1161 1208 eum
1181 1141 1268 1232 pio·
1294 1179 1297 1183 ⁴

207 1232 210 1237 ’
244 1242 367 1340 priore
388 1241 546 1342 quodam
565 1245 730 1318 Deorum
751 1244 1009 1322 immortalium
1022 1249 1093 1322 frui
1119 1277 1269 1326 consue·
1301 1330 1303 1339 ,

244 1358 387 1447 tudine,
404 1365 518 1459 eaque
532 1362 683 1435 scientia
700 1364 907 1462 praeditum
930 1392 1029 1455 esse,
1047 1370 1118 1467 qua
1138 1393 1267 1442 eorum
1301 1346 1304 1362 ι

244 1494 281 1553 et
293 1477 445 1580 gratiam
461 1477 671 1564 conciliare,
691 1496 726 1550 et
740 1481 831 1554 iram
848 1500 1013 1556 avertere
1032 1501 1162 1581 posset.
1177 1489 1268 1560 Nota

244 1612 297 1667 est
313 1597 352 1667 in
367 1597 493 1691 vulgus
507 1592 626 1667 fabula
643 1592 700 1665 illa
714 1649 723 1680 ‚
739 1594 784 1667 ad
797 1598 854 1692 cuj
860 1624 900 1669 us
917 1599 1267 1697 exemplumpostea

244 1708 331 1780 aliae
351 1711 530 1783 confictae
548 1723 650 1796 sunt,
671 1735 756 1784 eum
776 1736 842 1808 per
866 1712 1127 1811 quinquaginta
1151 1737 1268 1789 annos

202 1901 206 1908 ,
243 1827 455 1902 dormivisse
479 1827 516 1899 in
538 1841 649 1902 antro
669 1828 789 1917 doris,
818 1826 915 1930 quod
942 1831 1054 1903 estin
1082 1833 1194 1904 Creta
1210 1833 1265 1905 in·

234 1947 316 2020 ¹sold
334 1973 350 2023 a
376 1946 478 2019 unde
496 1956 725 2046 experrectus
754 1950 869 2045 quum
897 1946 1060 2020 rediisset
1085 1949 1262 2034 domum,

138 2110 142 2119 =
240 2063 363 2138 omnia
377 2048 443 2136 alia
460 2077 495 2135 et
512 2064 600 2134 alios
622 2060 814 2134 homines
804 2064 983 2136 invenisse
998 2086 1142 2163 ‚neque
1162 2064 1262 2162 agni·

129 2218 136 2229 ’
238 2198 318 2257 tum
341 2182 467 2290 luisse,
502 2178 571 2249 nisi
602 2177 646 2248 ab
672 2204 746 2250 uno
775 2181 917 2272 vetule,
945 2181 1119 2255 fratre
1081 2174 1260 2285 nimirum

239 2297 405 2392 juniore,
429 2318 476 2390 qu
561 2289 600 2362 in
624 2307 769 2365 antrum
795 2293 919 2373 abiens
945 2300 1138 2394 puerulum
1161 2295 1264 2370 domi

238 2408 532 2507 reliquisset.u
511 2405 708 2493 calchum,
731 2422 772 2479 ut
793 2409 962 2504 perhibet
992 2414 1262 2511 Maximus‘l'y·

238 2528 332 2613 rius,
349 2523 573 2597 doctissimus
582 2523 808 2610 Platonicus,
826 2523 913 2595 illud
928 2523 1126 2621 significare
1143 2531 1265 2605 ‘voluit

233 2641 471 2743 ¹Epimenides
484 2695 492 2726 ,
505 2641 598 2712 hanc
611 2641 723 2715 vitam
738 2665 813 2712 esse
827 2639 1013 2716 somnium
1026 2641 1263 2736 diuturnum,

239 2789 286 2836 ex
311 2757 446 2860 quoad
470 2784 573 2831 veras
599 2757 738 2856 vigilias
763 2758 943 2858 vitamque
969 2759 1159 2834 hominurn
1177 2765 1284 2859 ani-¹

184 2891 188 2904 '
237 2904 318 2952 mus
335 2875 544 2951 suscitatum
569 2875 626 2947 iri.
655 2876 850 2950 Caeterum
870 2860 1038 2951 ‘Athenas
1065 2877 1257 2956 arcessitus

239 3012 296 3070 est
322 2995 527 3068 auctoritate
564 2989 705 3067 solonis
735 2992 782 3065 ad
806 2991 1022 3091 abigendam
1052 2999 1191 3093 pestem
1221 3013 1259 3071 et

235 3112 453 3212 placandam
477 3111 671 3182 Deorum
661 3135 772 3196 iram,
806 3111 921 3184 unde
929 3111 989 3185 illa
1015 3113 1127 3211 pestis
1151 3116 1266 3189 exsti·
1296 3158 1303 3187 i

143 3244 146 3252 '
201 3268 205 3275 ·
235 3232 319 3304 tisse
338 3225 543 3328 putabatur.
569 3226 679 3322 igitur
708 3253 791 3300 cum
817 3228 894 3301 aliis
920 3228 1049 3303 urbem
1076 3201 1266 3304 sacrificiis

229 3347 418 3430 lustravit,
449 3360 525 3416 turn
552 3370 629 3416 aras
656 3369 791 3440 ponere
817 3344 919 3440 jussit
947 3345 1024 3417 Diis
1055 3349 1253 3420 immorta-

232 3464 322 3538 libus
346 3493 354 3537 :
382 3460 573 3559 in‘iquibus
595 3460 667 3532 aris
685 3460 797 3548 etiam
818 3458 983 3546 suerunt,
1008 3488 1100 3560 quae
1115 3489 1256 3537 conse-

188 3600 194 3610 ·
230 3596 423 3674 crarentur
451 3578 531 3650 Deo
562 3579 681 3674 ignoto
714 3592 751 3648 ct
781 3602 859 3648 sme
889 3603 1066 3650 nomtne:
1095 3604 1252 3678 quarum

186 3726 190 3735 ·
228 3699 294 3771 luit
337 3722 441 3782 una,
496 3723 602 3823 quum
651 3695 771 3766 multis
824 3711 944 3792 postea
997 3695 1122 3770 seculis
1160 3697 1267 3775 vidit

228 3815 364 3888 Paulus
386 3829 509 3910 aposto
488 3794 588 3886 0.lus
605 3813 652 3884 Et
677 3808 841 3897 constat,
871 3813 1035 3907 ejusdem
1063 3813 1254 3912 Epimeni·

112 3990 116 3997 ,
227 3932 281 4004 dis
309 3930 514 4005 auctoritate
543 3944 651 4062 atqu-e
679 3955 792 4052 opera
828 3955 931 4001 usum
972 3956 1046 4002 esse
1077 3929 1252 4002 Solonem

226 4050 269 4121 ad
296 4051 426 4123 civium
454 4049 614 4120 animos
626 4049 664 4116 in
697 4016 930 4118 concordiam
959 4043 1194 4140 redigendos,
1226 4077 1249 4123 a

225 4168 501 4263 superstitione
515 4162 744 4250 liberandos,
735 4217 744 4264 3
775 4161 919 4236 saniore
956 4163 1247 4267 simplicioreque
