2632 4994
538 435 669 529 (69)

94 578 168 675 ipse
181 576 399 651 sententiam
418 563 749 678 prolerre.'Contra
769 582 979 682 Xenophon
993 585 1040 658 ita
1058 585 1111 659 iu·¹
1170 574 1177 582 ’

92 697 193 771 ducit
214 703 418 784 Socratem,
439 714 477 771 ut
501 723 576 769 non
602 700 672 772 nisi
694 700 740 772 de
765 701 807 773 iis
819 700 926 773 rebus
944 703 1110 790 disserat,

72 830 176 912 'quas
196 829 380 914 tamquam
396 816 644 916 philosophiae
658 834 907 914 argumentum
927 844 947 890 a
966 824 1118 892 Socrate·
1203 883 1209 899 ,

88 931 252 1026 probatas
272 930 378 1002 luisse
398 929 509 1037 modo
532 930 699 1004 diximus.
720 936 801 1004 Jam
825 960 913 1007 vero
927 935 1021 1033 apud
1038 937 1114 1007 Xe-

88 1048 321 1144 nophontem
344 1045 461 1119 rarius
484 1062 520 1118 et
543 1047 728 1120 obscurius
751 1046 795 1118 de
817 1051 1024 1123 animorum
1047 1052 1113 1122 lm·

91 1163 311 1236 mortalitate
328 1162 488 1260 loquitur
505 1166 685 1250 Socratem
704 1164 801 1264 apud
825 1165 1013 1238 Platonem
1031 1193 1128 1269 con·¹

91 1295 152 1351 tra
176 1280 404 1378 frequenter,
427 1280 578 1367 diserte,
602 1281 767 1382 copiose,
793 1296 969 1354 accurate.
999 1281 1050 1354 Et
1075 1285 1115 1357 in
1186 1380 1189 1389 .

93 1393 230 1490 judicio
259 1396 303 1468 de
328 1395 427 1467 factis
447 1396 660 1495 placitisque
684 1396 838 1471 Socratis
868 1402 1002 1495 magna
1029 1411 1115 1471 cau‘-
1145 1434 1148 1443 ¹

92 1511 194 1584 tione
214 1534 304 1610 opus
329 1527 402 1598 est,
427 1537 474 1584 ne
500 1512 551 1585 ita
573 1529 711 1587 temere
736 1511 859 1585 omnia
881 1513 1019 1586 Socrati
1048 1513 1117 1584 tri-

92 1629 267 1714 buamus,
295 1654 384 1728 quae
417 1631 449 1701 ei
471 1629 511 1700 in
532 1629 691 1701 Platonis
707 1629 922 1702 tribuuntur
946 1624 1117 1724 Dialogisss
1229 1692 1232 1698 .

89 1745 203 1842 lgitur
217 1745 291 1818 sint
308 1745 476 1832 fortasse,
494 1747 557 1844 qui
576 1747 819 1833 contendant,
834 1748 1024 1820 Socratem
1038 1770 1117 1843 par·

91 1877 165 1934 tem
185 1861 456 1958 philosophiae,
479 1887 572 1959 quae
598 1879 649 1934 est
673 1863 715 1935 de
740 1865 948 1936 animorum
968 1865 1119 1935 immor·

91 1978 244 2062 talitate‚
275 1977 446 2050 intactam
467 1979 663 2075 reliquisse,
690 1996 728 2050 et
745 1980 919 2076 quidquid
946 1980 979 2050 ei
1000 1980 1044 2048 de
1063 1979 1119 2051 itta
1153 1962 1161 1977 ’

92 2107 195 2189 parte
221 2090 400 2165 tribuatur
423 2093 699 2188 disputationis,
723 2095 794 2164 hoc
822 2118 934 2166 omne
958 2094 1119 2183 Platonis

91 2211 237 2308 ingenio
264 2209 401 2281 deberi.
425 2209 491 2281 His
512 2210 618 2307 igitur
643 2211 837 2308 quominus
859 2212 1118 2298 assentiamur,

44 2334 47 2349 '
95 2326 230 2398 multae
256 2341 340 2397 sunt
360 2324 660 2423 gravissimaeque
687 2352 824 2400 causae.
848 2327 1014 2400 Primum
1039 2354 1134 2431 non

39 4370 59 4405 ί

95 2457 151 2514 est
174 2440 363 2526 credibile,
380 2441 657 2541 philosophum,
676 2445 737 2543 qui
751 2457 860 2516 totam
875 2443 1120 2542 philosophiae

26 2576 33 2591 ·
92 2557 318 2657 disciplinam
334 2557 380 2630 ad
403 2583 550 2632 morum
575 2575 610 2633 et
628 2563 770 2633 virtutis
792 2562 953 2635 studium
969 2588 1119 2635 revoca·
1167 2587 1172 2598 ·

91 2674 206 2761 verit,
223 2676 293 2746 hoc
312 2677 389 2769 ejus
405 2667 508 2772 quasi
526 2674 823 2760 fundamentum,
845 2675 943 2770 quod
961 2677 1118 2771 positum

91 2806 148 2864 est
174 2791 214 2863 in
246 2791 454 2864 animorum
481 2789 754 2862 immortalitate
781 2790 991 2886 neglexisse.
1024 2794 1119 2865 Nam

93 2907 280 3004 disciplina
301 2933 467 2994 morum,
495 2930 650 3005 quaes0,
677 2905 787 3004 qualis
804 2903 951 2993 tandem
969 2905 1028 2978 illa
1044 2932 1119 2980 esse

90 3038 232 3122 potest,
254 3009 356 3121 quae
372 3050 448 3095 non
472 3041 595 3110 curet,
621 3038 740 3095 utrum
764 3023 909 3095 animus
937 3048 1022 3095 cum
1043 3048 1121 3097 cor·
1184 3045 1187 3055 '

95 3151 184 3240 'pore
210 3139 389 3224 intereat,
412 3150 483 3212 nec
501 3142 575 3213 ne?
597 3139 739 3214 Deinde
765 3157 849 3215 sunt
873 3141 969 3240 apud
993 3127 1121 3225 Xeno÷

95 3259 270 3355 phontem
298 3255 477 3354 ejusmodi
498 3259 713 3342 sententiae,
738 3241 829 3358 quae
852 3259 1048 3333 manifesto
1072 3260 1120 3333 ad

95 3374 304 3446 animorum
334 3373 641 3449 immortalitatem
667 3375 858 3450 videantur
883 3377 1000 3450 valere
1028 3403 1036 3447 :
1063 3404 1119 3450 ve-

94 3491 160 3564 luti
180 3491 224 3562 de
244 3489 479 3575 Providentia
500 3494 620 3568 divina
640 3525 647 3567 :
678 3495 724 3567 de
745 3495 873 3569 Animi
893 3496 1043 3565 humani
1061 3521 1121 3567 ex·

98 3607 259 3680 cellensis
286 3623 325 3682 et
356 3607 586 3684 similitudine
628 3638 712 3682 cum
735 3609 870 3679 Divina
896 3611 1053 3679 natura:
1079 3607 1124 3680 de
1166 3648 1172 3661 ,

98 3717 185 3796 cura
213 3725 380 3797 Numinis
399 3728 497 3824 quasi
525 3727 675 3797 tutelam
704 3722 859 3816 gerentis
888 3721 1034 3819 piorum
1059 3725 1121 3796 ho·

97 3839 241 3915 minum
265 3840 398 3934 injuste
427 3824 664 3912 morientium
691 3863 699 3903 t
726 3863 817 3935 quae
840 3839 1004 3936 prolecto
1026 3845 1123 3939 ejus-

99 3956 198 4031 modi
220 3969 307 4028 sunt
322 3956 541 4041 sententiae,
564 3969 605 4027 ut
618 3954 722 4052 plane
741 3955 966 4030 abhorreant
981 3959 1027 4032 ab
1045 3964 1123 4058 ejus
1189 3999 1191 4004 ·

102 4078 281 4171 persona,
313 4071 375 4171 qui
404 4073 452 4144 nil
478 4073 677 4170 posthanc
711 4071 821 4144 vitam
852 4071 1035 4172 sup'eresse
1060 4095 1124 4153 sta·

105 4202 196 4278 tuat.
228 4190 344 4267 Porro
371 4217 416 4266 ex
441 4189 592 4269 aliorum
620 4189 883 4268 Socraticorum
904 4191 1124 4300 *fragmentis
1201 4262 1204 4267 .
