2632 4994
674 431 804 528 (76)

119 586 128 603 ”
243 596 342 655 nunc
367 582 529 657 ultimum
554 596 591 652 te
610 579 716 654 amici
741 578 1044 679 alloquenturtui
1061 637 1069 669 ,
1087 605 1110 651 o
1124 574 1262 655 'Socra-

175 762 178 771 .
243 711 315 786 tes,
337 725 436 772 nunc
462 715 501 770 tu
528 696 603 770 illos
624 696 802 769 ultimum.
826 696 989 769 Socrates
1015 693 1151 788 placide
1176 694 1267 766 Cri-

242 826 369 886 tonem
396 815 557 900 intuens,
586 816 705 901 hanc,
726 813 862 913 inquit,
888 812 1014 911 aliquis
1037 810 1213 896 abducat,
1242 835 1267 882 o

243 929 378 1001 Criton.
393 929 501 1026 Igitur
521 957 601 1004 eam
616 929 774 1004 Critonis
795 919 915 1003 famuli
935 929 1089 1001 domum
1104 925 1266 1045 dedurpe·

241 1060 338 1116 runt.
366 1046 444 1143 Ego
483 1074 570 1122 vero
600 1049 750 1123 mirifice
781 1076 824 1122 eo
852 1048 910 1120 die
941 1046 1094 1118 affectus
1128 1071 1265 1118 eram:

240 1186 363 1261 neque
396 1165 497 1236 enim
530 1167 844 1265 commiseratione
872 1164 1043 1263 tangebar
1075 1159 1268 1236 morientis

241 1278 365 1367 amici;
385 1281 543 1381 quippe,
565 1300 602 1357 ut
617 1300 723 1359 antea
738 1309 904 1384 semper,
926 1281 975 1355 ita
992 1277 1158 1381 inprimis
1174 1290 1281 1349 tunc'.

241 1394 332 1468 mihi
362 1399 485 1471 beatus
506 1398 715 1489 videbatur,
741 1428 823 1474 cum
847 1414 997 1498 propter
1022 1394 1160 1494 ingenii
1183 1416 1268 1465 mo'-

241 1538 398 1614 rumque
440 1517 790 1602 mansuetudinem,
833 1533 910 1588 tum
955 1529 1108 1612 propter
1156 1509 1270 1582 animi

240 1629 530 1723 magnitudinem
559 1645 594 1701 et
620 1631 861 1702 constantiam
890 1646 962 1701 :ut
997 1627 1149 1700 firmiter
1178 1623 1271 1697 mihi

240 1743 532 1838 persuaderem,
567 1747 670 1818 hunc
701 1744 848 1846 quidem
891 1744 1009 1815 virum
1040 1769 1088 1813 ne
1128 1741 1172 1811 ad
1204 1742 1271 1812 in-

240 1855 339 1930 feros
384 1859 534 1957 quidem
579 1860 678 1935 abire
709 1862 801 1934 'sine
839 1858 960 1932 divina
999 1856 1231 1956 providentia
1262 1913 1273 1942 ,

242 1973 305 2047 sed
334 1974 397 2073 *ibi
446 2002 587 2076 quoque
644 1977 785 2050 felicem
836 1974 1050 2081 beatumque
1094 1972 1270 2043 futurum.

238 2091 381 2167 iVerum
408 2093 539 2181 enim,
559 2108 598 2167 ut
633 2094 731 2165 nulla
752 2117 974 2190 magnopere
995 2090 1138 2161 tristitia
1169 2113 1270 2158 eram

222 2196 409 2296 affectus,
441 2212 493 2280 ita
516 2235 634 2308 neque
657 2210 827 2283 laetitiam
856 2207 1111 2308 percipiebam.
1132 2206 1272 2299 Quam-

243 2349 354 2420 quam
373 2348 494 2420 neque
514 2323 617 2412 alias,
636 2353 749 2425 quum
771 2325 815 2398 de
838 2325 1064 2424 philosophia
1087 2323 1272 2420 colloque-

241 2462 368 2509 remur
389 2465 535 2541 ,neque
565 2457 707 2527 tunc,a
736 2442 890 2514 Socratis
913 2467 1081 2515 sermone
1106 2442 1208 2537 jocus
1239 2455 1274 2513 et

240 2551 403 2626 hilaritas
438 2556 602 2627 aberant.
636 2555 707 2626 Sed
758 2555 820 2626 illo
858 2554 916 2626 die
952 2555 1088 2626 mixtus
1125 2555 1272 2653 quidam

241 2665 387 2757 tristitia
409 2670 610 2769 gaudioque
628 2697 753 2744 sensus
771 2670 911 2743 animos
934 2685 1078 2744 nostros
1097 2675 1273 2746 tenebat:

240 2784 353 2860 modo
374 2787 581 2861 ridebamus
607 2787 703 2885 capti
724 2786 985 2886 tranquillitate
1019 2787 1278 2886 hilaritateque

133 2894 149 2913 ”
197 2964 199 2971 .
241 2901 420 2990 Socratis,
436 2920 474 2977 et
490 2905 690 3002 praesentis
710 2902 809 2976 obliti
823 2903 1031 2977 calamitatis
1046 2932 1060 2975 :2
1071 2901 1182 2974 modo
1197 2905 1276 3000 plo·

241 3022 411 3097 rabamus
423 3024 614 3096 instantem
626 3020 731 3095 amici
744 3020 889 3095 obitum
903 3037 1127 3120 reputantes,
1143 3035 1179 3094 et
1191 3020 1276 3095 victi

240 3140 415 3232 gravitate
443 3143 554 3212 castis.
992 3140 997 3149 '

303 3253 374 3323 Sed
385 3269 619 3353 posteaquam
630 3254 840 3355 Xanthippa
853 3272 945 3330 esset
958 3255 1123 3342 abducta,
1134 3255 1276 3352 erigens

253 3392 292 3441 se
311 3367 351 3440 in
366 3369 498 3440 lectulo
521 3373 701 3459 Socrates,
717 3385 752 3444 et
769 3398 851 3446 crus
874 3372 1029 3461 fricans,
1054 3375 1194 3470 Quam,
1224 3374 1275 3448 in·

253 3482 335 3582 quit
350 3542 359 3570 ,
375 3484 469 3557 mira
481 3499 533 3557 est
554 3511 610 3557 res
624 3485 704 3575 illa,
728 3514 836 3587 quam
853 3489 1063 3586 voluptutem
1081 3513 1275 3576 vocamus,

253 3616 289 3674 et
311 3627 419 3702 quam
439 3599 532 3674 mire
556 3600 697 3675 adlecta
716 3603 763 3676 ad
790 3606 868 3702 ejus
897 3606 1148 3691 contrarium,
1176 3604 1277 3702 quod

250 3718 471 3817 appellamus
487 3718 654 3793 dolorem.
669 3719 784 3794 Simul
796 3737 832 3794 et
846 3746 916 3792 una
931 3747 1011 3794 non
1026 3720 1280 3794 conveniunt:

153 3888 161 3909 .
252 3850 292 3907 at
315 3837 453 3909 verosi
478 3836 630 3912 alterum
645 3840 902 3935 praecesserit,
922 3842 1082 3913 alterurn
1103 3837 1279 3912 continuo

254 3953 426 4051 sequitur.
448 3953 529 4025 Hoc
556 3954 584 4025 si
607 3953 772 4054 Aesopus
799 3956 1131 4041 animadvertisset,
1164 3953 1278 4026 credo

253 4065 354 4142 illuln
384 4068 536 4142 labulam
565 4069 747 4142 [acturum
777 4072 883 4146 luisse
913 4070 1093 4170 ejusmodi
1120 4068 1277 4143 :Deum

253 4179 407 4280 aliquem
440 4185 571 4261 frustra
602 4200 761 4259 tentasse
791 4187 1015 4284 voluptatem
1051 4201 1086 4261 et
1112 4184 1279 4261 dolorem
