2634 5002
151 2363 935 2519 Posiaiquimsocratieaaisffuianoaa
953 2425 1171 2507 eumaeum

149 2534 326 2639 perducta
349 2533 496 2623 suisset,
527 2562 600 2636 quo
621 2537 805 2634 superiore
832 2530 988 2610 lectio‘ne
1015 2541 1192 2620 substiti-·

147 2639 245 2745 mus]
259 2654 478 2756 aliquamdiu
497 2652 681 2729 silentium
700 2653 787 2742 fuit,
804 2671 839 2727 et
852 2655 1011 2728 Socratis
1025 2672 1062 2732 et
1077 2662 1173 2737 ami:
1208 2740 1211 2753 ,

146 2799 293 2861 corum,
314 2799 397 2845 cum
416 2797 536 2872 prose
555 2771 706 2873 quisque
728 2799 791 2861 ea,
814 2796 906 2873 quae
930 2771 1026 2846 dicta
1046 2792 1172 2869 erant,

146 2876 254 2966 tacita
283 2889 501 2987 cogitatione
533 2873 747 2967 revolveret.
784 2888 952 2964 Tandem
982 2889 1101 2967 Cebes
1134 2910 1172 2971 et

143 3008 308 3087 Simmiae
333 3005 480 3104 paulurn
512 3005 610 3078 inter
642 3033 680 3081 se
709 3032 756 3083 ac¹
782 3007 956 3082 submissa
985 3032 1076 3097 voce
1099 3010 1173 3085 coi·

145 3126 245 3229 loqui
273 3138 480 3225 coeperunt.
516 3123 624 3220 Quod
654 3123 946 3199 animadvertens
979 3124 1171 3233 socrates,
1206 3164 1212 3183 ·

109 3303 113 3311 .
144 3245 238 3339 Quid
260 3269 344 3333 vos,
369 3240 507 3342 inquit,
532 3242 626 3316 ciam
649 3244 743 3316 inter
765 3245 854 3317 vos?
874 3243 1008 3317 namsi
1029 3242 1076 3318 de
1095 3244 1170 3320 aliia

141 3364 248 3435 rebus
270 3360 390 3459 agitis,
410 3385 486 3434 non
509 3358 625 3432 habeo
643 3358 743 3457 quod
775 3358 894 3434 dicam
916 3359 997 3433 :sin
1020 3386 1110 3436 vero
1126 3360 1168 3437 de

140 3479 182 3553 iis
194 3479 379 3582 quaeritis,
395 3501 488 3577 quae
502 3474 617 3548 modo
637 3458 820 3572 disputata
832 3493 934 3566 sunt,
952 3492 1014 3551 aut
1035 3479 1065 3550 si
1079 3504 1173 3559 noa.

138 3599 226 3672 dum
254 3597 338 3671 satis
365 3616 577 3693 persuasum
606 3604 660 3661 est
688 3592 812 3680 vobis,
846 3593 982 3680 nolite,
1007 3617 1163 3691 quaeso,-

137 3742 196 3788 me
219 3714 355 3799 celare3
381 3737 468 3786 nam
490 3724 552 3783 aut
577 3707 725 3781 meliora
746 3736 806 3784 me
826 3708 1024 3796 docebitis,
1042 3728 1108 3786 aut
1125 3712 1164 3789 ui·
1213 3728 1216 3771 ἓ

136 3832 210 3905 mul
230 3854 364 3902 novam
377 3827 605 3926 indagandae
618 3825 776 3900 v‘eritatis
789 3829 886 3903 viam
900 3827 1161 3928 ingrediemur.

183 3949 281 4018 Tum
305 3943 488 4029 Simmiam,
510 3942 589 4039 Ego
614 3968 702 4016 vero
723 4000 732 4032 ‚
757 3942 895 4043 inquit,
923 3943 1043 4014 dicam
1068 3942 1162 4042 quod

135 4087 191 4133 res
216 4078 277 4133 est.
302 4058 451 4131 Dudum
478 4060 577 4130 enim
605 4085 672 4154 ego
698 4076 735 4132 et
766 4060 880 4130 Cebes
909 4080 976 4125 nos
1004 4054 1176 4149 invicem--

134 4173 320 4258 hortamur
352 4191 387 4258 ‚et
418 4172 663 4278 protaudimus
692 4174 737 4251 ad
761 4189 796 4249 te
816 4172 1156 4270 interrogandum:
