<?xml version="1.0" encoding="UTF-8"?>
<!DOCTYPE html PUBLIC "-//W3C//DTD XHTML 1.0 Transitional//EN"
    "http://www.w3.org/TR/xhtml1/DTD/xhtml1-transitional.dtd">
<html xmlns="http://www.w3.org/1999/xhtml" xml:lang="en" lang="en">
 <head>
  <title>
</title>
<meta http-equiv="Content-Type" content="text/html;charset=utf-8" />
  <meta name='ocr-system' content='tesseract 3.04.00' />
  <meta name='ocr-capabilities' content='ocr_page ocr_carea ocr_par ocr_line ocrx_word'/>
</head>
<body>
  <div class='ocr_page' id='page_1' title='image "./danwyttenbachii00mahngoog_0067.png"; bbox 0 0 2632 4994; ppageno 0'>
   <div class='ocr_carea' id='block_1_1' title="bbox 114 402 1308 2754">
    <p class='ocr_par' dir='ltr' id='par_1_1' title="bbox 114 402 1308 2754">
     <span class='ocr_line' id='line_1_1' title="bbox 692 402 971 510; baseline -0.015 -2.927"><span class='ocrx_word' id='word_1_1' title='bbox 692 402 827 510; x_wconf 73' lang='grc'><strong>(48)</strong></span> <span class='ocrx_word' id='word_1_2' title='bbox 947 473 971 509; x_wconf 79' lang='grc'><strong>,-</strong></span> 
     </span>
     <span class='ocr_line' id='line_1_2' title="bbox 173 546 1267 657; baseline -0.009 -22.309"><span class='ocrx_word' id='word_1_3' title='bbox 173 559 309 635; x_wconf 74' lang='lat' dir='ltr'><strong>vet</strong></span> <span class='ocrx_word' id='word_1_4' title='bbox 328 546 605 657; x_wconf 67' lang='grc' dir='ltr'>ιιιιιιΙὶΕοαιὲιιι,</span> <span class='ocrx_word' id='word_1_5' title='bbox 604 546 694 624; x_wconf 78' lang='lat' dir='ltr'><strong>uel.</strong></span> <span class='ocrx_word' id='word_1_6' title='bbox 705 561 956 629; x_wconf 76' lang='lat' dir='ltr'><strong>exornarent.</strong></span> <span class='ocrx_word' id='word_1_7' title='bbox 967 546 1082 643; x_wconf 90' lang='lat' dir='ltr'><strong>Quod</strong></span> <span class='ocrx_word' id='word_1_8' title='bbox 1094 572 1138 620; x_wconf 89' lang='lat' dir='ltr'><strong>eo</strong></span> <span class='ocrx_word' id='word_1_9' title='bbox 1153 547 1267 648; x_wconf 78' lang='lat' dir='ltr'><strong>magis</strong></span> 
     </span>
     <span class='ocr_line' id='line_1_3' title="bbox 242 660 1266 765; baseline -0.009 -14.92"><span class='ocrx_word' id='word_1_10' title='bbox 242 675 456 750; x_wconf 87' lang='lat' dir='ltr'><strong>dolendum·</strong></span> <span class='ocrx_word' id='word_1_11' title='bbox 471 672 552 753; x_wconf 84' lang='lat' dir='ltr'><strong>e&#39;st,·</strong></span> <span class='ocrx_word' id='word_1_12' title='bbox 573 664 707 765; x_wconf 91' lang='lat' dir='ltr'><strong>quod</strong></span> <span class='ocrx_word' id='word_1_13' title='bbox 697 690 774 763; x_wconf 79' lang='lat' dir='ltr'><strong>ipse</strong></span> <span class='ocrx_word' id='word_1_14' title='bbox 794 663 956 740; x_wconf 87' lang='lat' dir='ltr'><strong>minime</strong></span> <span class='ocrx_word' id='word_1_15' title='bbox 966 660 1176 756; x_wconf 76' lang='lat' dir='ltr'><strong>rolumate,</strong></span> <span class='ocrx_word' id='word_1_16' title='bbox 1200 663 1266 749; x_wconf 75' lang='lat' dir='ltr'><strong>&#39;sed</strong></span> 
     </span>
     <span class='ocr_line' id='line_1_4' title="bbox 249 779 1267 881; baseline -0.013 -14"><span class='ocrx_word' id='word_1_17' title='bbox 249 788 461 866; x_wconf 83' lang='lat' dir='ltr'><strong>auctoritate</strong></span> <span class='ocrx_word' id='word_1_18' title='bbox 486 779 641 867; x_wconf 79' lang='lat' dir='ltr'><strong>nocuit,</strong></span> <span class='ocrx_word' id='word_1_19' title='bbox 663 793 707 854; x_wconf 87' lang='lat' dir='ltr'><strong>et</strong></span> <span class='ocrx_word' id='word_1_20' title='bbox 739 797 912 855; x_wconf 87' lang='lat' dir='ltr'><strong>ceterum</strong></span> <span class='ocrx_word' id='word_1_21' title='bbox 926 807 1001 859; x_wconf 88' lang='lat' dir='ltr'><strong>eo</strong></span> <span class='ocrx_word' id='word_1_22' title='bbox 997 781 1127 856; x_wconf 55' lang='lat' dir='ltr'><strong>⁴&#39;fuit</strong></span> <span class='ocrx_word' id='word_1_23' title='bbox 1117 782 1267 881; x_wconf 80' lang='lat' dir='ltr'><strong>ingenio</strong></span> 
     </span>
     <span class='ocr_line' id='line_1_5' title="bbox 151 886 1267 1004; baseline -0.012 -24"><span class='ocrx_word' id='word_1_24' title='bbox 151 938 154 945; x_wconf 62' lang='lat'>¹</span> <span class='ocrx_word' id='word_1_25' title='bbox 171 886 181 901; x_wconf 69' lang='grc'><strong><em>’</em></strong></span> <span class='ocrx_word' id='word_1_26' title='bbox 242 923 363 1003; x_wconf 57' lang='lat' dir='ltr'><strong>atque,</strong></span> <span class='ocrx_word' id='word_1_27' title='bbox 375 896 616 1004; x_wconf 63' lang='lat' dir='ltr'><strong>animo-,uua</strong></span> <span class='ocrx_word' id='word_1_28' title='bbox 630 901 759 971; x_wconf 80' lang='lat' dir='ltr'><strong>naturd</strong></span> <span class='ocrx_word' id='word_1_29' title='bbox 781 893 917 995; x_wconf 68' lang='lat' dir='ltr'><strong>ipsaad</strong></span> <span class='ocrx_word' id='word_1_30' title='bbox 932 899 1105 987; x_wconf 69' lang='lat' dir='ltr'><strong>uirtutem</strong></span> <span class='ocrx_word' id='word_1_31' title='bbox 1124 915 1162 972; x_wconf 90' lang='lat' dir='ltr'><strong>et</strong></span> <span class='ocrx_word' id='word_1_32' title='bbox 1178 900 1267 972; x_wconf 54' lang='lat' dir='ltr'><strong>doc,</strong></span> 
     </span>
     <span class='ocr_line' id='line_1_6' title="bbox 246 1016 1267 1117; baseline -0.003 -22"><span class='ocrx_word' id='word_1_33' title='bbox 246 1023 381 1095; x_wconf 83' lang='lat' dir='ltr'><strong>trinam</strong></span> <span class='ocrx_word' id='word_1_34' title='bbox 392 1019 637 1092; x_wconf 84' lang='lat' dir='ltr'><strong>conformatus</strong></span> <span class='ocrx_word' id='word_1_35' title='bbox 650 1043 725 1090; x_wconf 87' lang='lat' dir='ltr'><strong>esse</strong></span> <span class='ocrx_word' id='word_1_36' title='bbox 740 1016 936 1090; x_wconf 85' lang='lat' dir='ltr'><strong>videretur.</strong></span> <span class='ocrx_word' id='word_1_37' title='bbox 948 1018 1042 1090; x_wconf 90' lang='lat' dir='ltr'><strong>Nam</strong></span> <span class='ocrx_word' id='word_1_38' title='bbox 1062 1044 1147 1092; x_wconf 91' lang='lat' dir='ltr'><strong>cum</strong></span> <span class='ocrx_word' id='word_1_39' title='bbox 1163 1031 1267 1117; x_wconf 85' lang='lat' dir='ltr'><strong>pater</strong></span> 
     </span>
     <span class='ocr_line' id='line_1_7' title="bbox 243 1131 1267 1234; baseline -0.001 -24"><span class='ocrx_word' id='word_1_40' title='bbox 243 1136 349 1234; x_wconf 77' lang='lat' dir='ltr'><strong>ojus,</strong></span> <span class='ocrx_word' id='word_1_41' title='bbox 367 1131 987 1234; x_wconf 69' lang='lat' dir='ltr'><strong>princepsubbderitarum,,amplas</strong></span> <span class='ocrx_word' id='word_1_42' title='bbox 1001 1150 1038 1209; x_wconf 91' lang='lat' dir='ltr'><strong>et</strong></span> <span class='ocrx_word' id='word_1_43' title='bbox 1057 1134 1135 1209; x_wconf 83' lang='lat' dir='ltr'><strong>fere</strong></span> <span class='ocrx_word' id='word_1_44' title='bbox 1149 1134 1267 1231; x_wconf 78' lang='lat' dir='ltr'><strong>regias</strong></span> 
     </span>
     <span class='ocr_line' id='line_1_8' title="bbox 246 1246 1265 1359; baseline -0.001 -35"><span class='ocrx_word' id='word_1_45' title='bbox 246 1251 280 1324; x_wconf 90' lang='lat' dir='ltr'><strong>ei</strong></span> <span class='ocrx_word' id='word_1_46' title='bbox 303 1249 504 1351; x_wconf 85' lang='lat' dir='ltr'><strong>reliquisset</strong></span> <span class='ocrx_word' id='word_1_47' title='bbox 515 1246 769 1353; x_wconf 66' lang='lat' dir='ltr'><strong>opes‘,&#39;·quibn&#39;s</strong></span> <span class='ocrx_word' id='word_1_48' title='bbox 793 1251 851 1325; x_wconf 87' lang='lat' dir='ltr'><strong>vel</strong></span> <span class='ocrx_word' id='word_1_49' title='bbox 872 1251 914 1324; x_wconf 92' lang='lat' dir='ltr'><strong>in</strong></span> <span class='ocrx_word' id='word_1_50' title='bbox 935 1251 1012 1325; x_wconf 92' lang='lat' dir='ltr'><strong>otio</strong></span> <span class='ocrx_word' id='word_1_51' title='bbox 1025 1251 1120 1325; x_wconf 87' lang='lat' dir='ltr'><strong>laute</strong></span> <span class='ocrx_word' id='word_1_52' title='bbox 1135 1250 1265 1359; x_wconf 84' lang='lat' dir='ltr'><strong>jucun-</strong></span> 
     </span>
     <span class='ocr_line' id='line_1_9' title="bbox 244 1360 1264 1467; baseline -0.006 -24"><span class='ocrx_word' id='word_1_53' title='bbox 244 1366 364 1467; x_wconf 89' lang='lat' dir='ltr'><strong>deque</strong></span> <span class='ocrx_word' id='word_1_54' title='bbox 382 1360 604 1460; x_wconf 64' lang='lat' dir='ltr'><strong>viveie,&#39;v‘&#39;el</strong></span> <span class='ocrx_word' id='word_1_55' title='bbox 625 1368 666 1438; x_wconf 94' lang='lat' dir='ltr'><strong>in</strong></span> <span class='ocrx_word' id='word_1_56' title='bbox 687 1363 1264 1466; x_wconf 80' lang='lat' dir='ltr'><strong>negotio&#39;principatum‘civitatis</strong></span> 
     </span>
     <span class='ocr_line' id='line_1_10' title="bbox 184 1480 1264 1580; baseline -0.004 -22"><span class='ocrx_word' id='word_1_57' title='bbox 184 1524 186 1529; x_wconf 96' lang='lat'>·</span> <span class='ocrx_word' id='word_1_58' title='bbox 242 1484 407 1560; x_wconf 90' lang='lat' dir='ltr'><strong>obtinere</strong></span> <span class='ocrx_word' id='word_1_59' title='bbox 427 1493 568 1580; x_wconf 87' lang='lat' dir='ltr'><strong>posset,</strong></span> <span class='ocrx_word' id='word_1_60' title='bbox 583 1480 709 1574; x_wconf 72' lang='lat' dir='ltr'><strong>maluit</strong></span> <span class='ocrx_word' id='word_1_61' title='bbox 727 1507 786 1555; x_wconf 89' lang='lat' dir='ltr'><strong>eas</strong></span> <span class='ocrx_word' id='word_1_62' title='bbox 811 1507 896 1578; x_wconf 82' lang='lat' dir='ltr'><strong>opes</strong></span> <span class='ocrx_word' id='word_1_63' title='bbox 915 1481 956 1553; x_wconf 89' lang='lat' dir='ltr'><strong>in</strong></span> <span class='ocrx_word' id='word_1_64' title='bbox 974 1481 1177 1580; x_wconf 25' lang='lat' dir='ltr'><strong>sapientiae·</strong></span> <span class='ocrx_word' id='word_1_65' title='bbox 1193 1496 1264 1554; x_wconf 87' lang='lat' dir='ltr'><strong>stu·</strong></span> 
     </span>
     <span class='ocr_line' id='line_1_11' title="bbox 244 1594 1265 1696; baseline -0.005 -24"><span class='ocrx_word' id='word_1_66' title='bbox 244 1602 328 1685; x_wconf 90' lang='lat' dir='ltr'><strong>dio,</strong></span> <span class='ocrx_word' id='word_1_67' title='bbox 358 1615 396 1672; x_wconf 89' lang='lat' dir='ltr'><strong>et</strong></span> <span class='ocrx_word' id='word_1_68' title='bbox 431 1594 558 1695; x_wconf 81' lang='lat' dir='ltr'><strong>procul</strong></span> <span class='ocrx_word' id='word_1_69' title='bbox 591 1622 614 1668; x_wconf 91' lang='lat' dir='ltr'><strong>a</strong></span> <span class='ocrx_word' id='word_1_70' title='bbox 638 1595 771 1669; x_wconf 89' lang='lat' dir='ltr'><strong>civium</strong></span> <span class='ocrx_word' id='word_1_71' title='bbox 799 1596 1019 1683; x_wconf 85' lang='lat' dir='ltr'><strong>ambitione,</strong></span> <span class='ocrx_word' id='word_1_72' title='bbox 1057 1596 1265 1696; x_wconf 78' lang='lat' dir='ltr'><strong>longinquis</strong></span> 
     </span>
     <span class='ocr_line' id='line_1_12' title="bbox 241 1713 1308 1815; baseline 0 -28"><span class='ocrx_word' id='word_1_73' title='bbox 241 1713 596 1815; x_wconf 79' lang='lat' dir='ltr'><strong>peregrinationibus</strong></span> <span class='ocrx_word' id='word_1_74' title='bbox 606 1734 828 1796; x_wconf 84' lang='lat' dir='ltr'><strong>consumere.</strong></span> <span class='ocrx_word' id='word_1_75' title='bbox 848 1714 963 1810; x_wconf 82' lang='lat' dir='ltr'><strong>igitur</strong></span> <span class='ocrx_word' id='word_1_76' title='bbox 978 1713 1136 1811; x_wconf 88' lang='lat' dir='ltr'><strong>primum</strong></span> <span class='ocrx_word' id='word_1_77' title='bbox 1148 1713 1266 1815; x_wconf 82' lang='lat' dir='ltr'><strong>Athe·</strong></span> <span class='ocrx_word' id='word_1_78' title='bbox 1305 1771 1308 1778; x_wconf 89' lang='lat'>.</span> 
     </span>
     <span class='ocr_line' id='line_1_13' title="bbox 241 1826 1263 1933; baseline 0 -29"><span class='ocrx_word' id='word_1_79' title='bbox 241 1858 307 1905; x_wconf 88' lang='lat' dir='ltr'><strong>nas</strong></span> <span class='ocrx_word' id='word_1_80' title='bbox 331 1859 369 1904; x_wconf 87' lang='lat' dir='ltr'><strong>se</strong></span> <span class='ocrx_word' id='word_1_81' title='bbox 390 1826 561 1920; x_wconf 89' lang='lat' dir='ltr'><strong>contulit,</strong></span> <span class='ocrx_word' id='word_1_82' title='bbox 591 1831 715 1933; x_wconf 77' lang='lat' dir='ltr'><strong>sedem</strong></span> <span class='ocrx_word' id='word_1_83' title='bbox 732 1829 1012 1918; x_wconf 85' lang='lat' dir='ltr'><strong>doctrinarum,</strong></span> <span class='ocrx_word' id='word_1_84' title='bbox 1039 1856 1152 1930; x_wconf 89' lang='lat' dir='ltr'><strong>quae</strong></span> <span class='ocrx_word' id='word_1_85' title='bbox 1166 1844 1263 1905; x_wconf 86' lang='lat' dir='ltr'><strong>tunc</strong></span> 
     </span>
     <span class='ocr_line' id='line_1_14' title="bbox 241 1914 1264 2049; baseline 0.002 -27"><span class='ocrx_word' id='word_1_86' title='bbox 241 1950 418 2048; x_wconf 88' lang='lat' dir='ltr'><strong>temporis</strong></span> <span class='ocrx_word' id='word_1_87' title='bbox 434 1951 605 2039; x_wconf 87' lang='lat' dir='ltr'><strong>maxime</strong></span> <span class='ocrx_word' id='word_1_88' title='bbox 615 1914 787 2023; x_wconf 82' lang='lat' dir='ltr'><strong>affluebat</strong></span> <span class='ocrx_word' id='word_1_89' title='bbox 811 1948 914 2049; x_wconf 73' lang='lat' dir='ltr'><strong>copia</strong></span> <span class='ocrx_word' id='word_1_90' title='bbox 934 1947 1129 2023; x_wconf 89' lang='lat' dir='ltr'><strong>hominum</strong></span> <span class='ocrx_word' id='word_1_91' title='bbox 1143 1976 1264 2048; x_wconf 88' lang='lat' dir='ltr'><strong>,quos</strong></span> 
     </span>
     <span class='ocr_line' id='line_1_15' title="bbox 241 2052 1288 2168; baseline -0.005 -25"><span class='ocrx_word' id='word_1_92' title='bbox 241 2070 298 2143; x_wconf 86' lang='lat' dir='ltr'><strong>vel</strong></span> <span class='ocrx_word' id='word_1_93' title='bbox 318 2070 504 2168; x_wconf 85' lang='lat' dir='ltr'><strong>voluptas,</strong></span> <span class='ocrx_word' id='word_1_94' title='bbox 526 2068 585 2141; x_wconf 81' lang='lat' dir='ltr'><strong>vel</strong></span> <span class='ocrx_word' id='word_1_95' title='bbox 605 2052 768 2155; x_wconf 88' lang='lat' dir='ltr'><strong>lucrum,</strong></span> <span class='ocrx_word' id='word_1_96' title='bbox 789 2068 847 2141; x_wconf 87' lang='lat' dir='ltr'><strong>vel</strong></span> <span class='ocrx_word' id='word_1_97' title='bbox 871 2094 997 2141; x_wconf 91' lang='lat' dir='ltr'><strong>rerum</strong></span> <span class='ocrx_word' id='word_1_98' title='bbox 1019 2065 1180 2154; x_wconf 86' lang='lat' dir='ltr'><strong>novitas,</strong></span> <span class='ocrx_word' id='word_1_99' title='bbox 1203 2068 1288 2149; x_wconf 71' lang='lat' dir='ltr'><strong>vel¹</strong></span> 
     </span>
     <span class='ocr_line' id='line_1_16' title="bbox 198 2182 1262 2281; baseline -0.002 -20"><span class='ocrx_word' id='word_1_100' title='bbox 198 2201 200 2204; x_wconf 77' lang='grc'><strong><em>’</em></strong></span> <span class='ocrx_word' id='word_1_101' title='bbox 241 2189 415 2262; x_wconf 86' lang='lat' dir='ltr'><strong>scientiae</strong></span> <span class='ocrx_word' id='word_1_102' title='bbox 435 2210 563 2270; x_wconf 87' lang='lat' dir='ltr'><strong>amor,</strong></span> <span class='ocrx_word' id='word_1_103' title='bbox 590 2182 758 2258; x_wconf 89' lang='lat' dir='ltr'><strong>alliceret</strong></span> <span class='ocrx_word' id='word_1_104' title='bbox 782 2185 836 2258; x_wconf 91' lang='lat' dir='ltr'><strong>lbi</strong></span> <span class='ocrx_word' id='word_1_105' title='bbox 860 2183 1128 2277; x_wconf 77' lang='lat' dir='ltr'><strong>Democritus</strong></span> <span class='ocrx_word' id='word_1_106' title='bbox 1117 2185 1262 2281; x_wconf 65' lang='lat' dir='ltr'><strong>juvenis</strong></span> 
     </span>
     <span class='ocr_line' id='line_1_17' title="bbox 240 2297 1260 2399; baseline 0.001 -24"><span class='ocrx_word' id='word_1_107' title='bbox 240 2320 317 2375; x_wconf 81' lang='lat' dir='ltr'><strong>tarn</strong></span> <span class='ocrx_word' id='word_1_108' title='bbox 341 2300 490 2397; x_wconf 78' lang='lat' dir='ltr'><strong>ingenio</strong></span> <span class='ocrx_word' id='word_1_109' title='bbox 511 2314 550 2371; x_wconf 87' lang='lat' dir='ltr'><strong>et</strong></span> <span class='ocrx_word' id='word_1_110' title='bbox 563 2297 754 2387; x_wconf 73' lang='lat' dir='ltr'><strong>doctrina,</strong></span> <span class='ocrx_word' id='word_1_111' title='bbox 780 2321 894 2399; x_wconf 79' lang='lat' dir='ltr'><strong>quam·</strong></span> <span class='ocrx_word' id='word_1_112' title='bbox 913 2327 1048 2399; x_wconf 82' lang='lat' dir='ltr'><strong>genere</strong></span> <span class='ocrx_word' id='word_1_113' title='bbox 1075 2316 1112 2376; x_wconf 90' lang='lat' dir='ltr'><strong>et</strong></span> <span class='ocrx_word' id='word_1_114' title='bbox 1131 2300 1260 2377; x_wconf 85' lang='lat' dir='ltr'><strong>divitiis</strong></span> 
     </span>
     <span class='ocr_line' id='line_1_18' title="bbox 237 2415 1259 2515; baseline 0.001 -23"><span class='ocrx_word' id='word_1_115' title='bbox 237 2418 438 2504; x_wconf 87' lang='lat' dir='ltr'><strong>excellens,</strong></span> <span class='ocrx_word' id='word_1_116' title='bbox 467 2434 588 2515; x_wconf 85' lang='lat' dir='ltr'><strong>quum·</strong></span> <span class='ocrx_word' id='word_1_117' title='bbox 600 2415 704 2488; x_wconf 86' lang='lat' dir='ltr'><strong>facile</strong></span> <span class='ocrx_word' id='word_1_118' title='bbox 732 2416 895 2490; x_wconf 92' lang='lat' dir='ltr'><strong>omnium</strong></span> <span class='ocrx_word' id='word_1_119' title='bbox 913 2419 1035 2491; x_wconf 89' lang='lat' dir='ltr'><strong>oculos</strong></span> <span class='ocrx_word' id='word_1_120' title='bbox 1058 2418 1098 2490; x_wconf 89' lang='lat' dir='ltr'><strong>in</strong></span> <span class='ocrx_word' id='word_1_121' title='bbox 1118 2445 1155 2494; x_wconf 89' lang='lat' dir='ltr'><strong>se</strong></span> <span class='ocrx_word' id='word_1_122' title='bbox 1169 2438 1259 2493; x_wconf 90' lang='lat' dir='ltr'><strong>con-</strong></span> 
     </span>
     <span class='ocr_line' id='line_1_19' title="bbox 236 2518 1269 2634; baseline -0.004 -22"><span class='ocrx_word' id='word_1_123' title='bbox 236 2551 380 2612; x_wconf 86' lang='lat' dir='ltr'><strong>vertere</strong></span> <span class='ocrx_word' id='word_1_124' title='bbox 393 2534 531 2634; x_wconf 63' lang='lat' dir='ltr'><strong>possed,</strong></span> <span class='ocrx_word' id='word_1_125' title='bbox 549 2532 589 2603; x_wconf 89' lang='lat' dir='ltr'><strong>in</strong></span> <span class='ocrx_word' id='word_1_126' title='bbox 603 2531 757 2605; x_wconf 90' lang='lat' dir='ltr'><strong>obscuro</strong></span> <span class='ocrx_word' id='word_1_127' title='bbox 770 2529 896 2602; x_wconf 86' lang='lat' dir='ltr'><strong>studiis</strong></span> <span class='ocrx_word' id='word_1_128' title='bbox 914 2534 1052 2604; x_wconf 88' lang='lat' dir='ltr'><strong>vacavit</strong></span> <span class='ocrx_word' id='word_1_129' title='bbox 1062 2533 1144 2608; x_wconf 77' lang='lat' dir='ltr'><strong>siris.</strong></span> <span class='ocrx_word' id='word_1_130' title='bbox 1160 2518 1269 2610; x_wconf 27' lang='lat' dir='ltr'><strong>Hinc*</strong></span> 
     </span>
     <span class='ocr_line' id='line_1_20' title="bbox 114 2637 1260 2754; baseline -0.002 -25"><span class='ocrx_word' id='word_1_131' title='bbox 114 2700 117 2705; x_wconf 60' lang='lat'>&lt;</span> <span class='ocrx_word' id='word_1_132' title='bbox 235 2637 723 2754; x_wconf 63' lang='lat' dir='ltr'><strong>Aegyptumfflhoeniciam,</strong></span> <span class='ocrx_word' id='word_1_133' title='bbox 739 2647 990 2746; x_wconf 89' lang='lat' dir='ltr'><strong>Aethiopiam,</strong></span> <span class='ocrx_word' id='word_1_134' title='bbox 1007 2649 1191 2737; x_wconf 65' lang='lat' dir='ltr'><strong>Persiams</strong></span> <span class='ocrx_word' id='word_1_135' title='bbox 1203 2657 1260 2727; x_wconf 89' lang='lat' dir='ltr'><strong>ln·</strong></span> 
     </span>
    </p>
   </div>
   <div class='ocr_carea' id='block_1_2' title="bbox 116 2767 1261 2871">
    <p class='ocr_par' dir='ltr' id='par_1_2' title="bbox 116 2767 1261 2871">
     <span class='ocr_line' id='line_1_21' title="bbox 116 2767 1261 2871; baseline -0.001 -26"><span class='ocrx_word' id='word_1_136' title='bbox 116 2838 129 2859; x_wconf 83' lang='grc'><strong><em>,</em></strong></span> <span class='ocrx_word' id='word_1_137' title='bbox 235 2773 332 2846; x_wconf 90' lang='lat' dir='ltr'><strong>diam</strong></span> <span class='ocrx_word' id='word_1_138' title='bbox 362 2771 516 2871; x_wconf 89' lang='lat' dir='ltr'><strong>denique</strong></span> <span class='ocrx_word' id='word_1_139' title='bbox 536 2767 765 2866; x_wconf 74' lang='lat' dir='ltr'><strong>peragravit,</strong></span> <span class='ocrx_word' id='word_1_140' title='bbox 791 2781 929 2840; x_wconf 88' lang='lat' dir='ltr'><strong>etcum</strong></span> <span class='ocrx_word' id='word_1_141' title='bbox 949 2794 1074 2839; x_wconf 84' lang='lat' dir='ltr'><strong>earum</strong></span> <span class='ocrx_word' id='word_1_142' title='bbox 1092 2771 1261 2871; x_wconf 77' lang='lat' dir='ltr'><strong>gentium</strong></span> 
     </span>
    </p>
   </div>
   <div class='ocr_carea' id='block_1_3' title="bbox 232 2884 1260 3219">
    <p class='ocr_par' dir='ltr' id='par_1_3' title="bbox 232 2884 1260 3219">
     <span class='ocr_line' id='line_1_22' title="bbox 235 2884 1260 2987; baseline -0.004 -25"><span class='ocrx_word' id='word_1_143' title='bbox 235 2889 459 2987; x_wconf 83' lang='lat' dir='ltr'><strong>sapientibus</strong></span> <span class='ocrx_word' id='word_1_144' title='bbox 483 2886 564 2959; x_wconf 81' lang='lat' dir='ltr'><strong>fuit.-</strong></span> <span class='ocrx_word' id='word_1_145' title='bbox 579 2884 706 2957; x_wconf 85' lang='lat' dir='ltr'><strong>Redux</strong></span> <span class='ocrx_word' id='word_1_146' title='bbox 732 2887 770 2955; x_wconf 93' lang='lat' dir='ltr'><strong>in</strong></span> <span class='ocrx_word' id='word_1_147' title='bbox 797 2884 966 2981; x_wconf 88' lang='lat' dir='ltr'><strong>patriam,</strong></span> <span class='ocrx_word' id='word_1_148' title='bbox 985 2899 1175 2958; x_wconf 85' lang='lat' dir='ltr'><strong>consumto</strong></span> <span class='ocrx_word' id='word_1_149' title='bbox 1197 2913 1260 2983; x_wconf 90' lang='lat' dir='ltr'><strong>pa·</strong></span> 
     </span>
     <span class='ocr_line' id='line_1_23' title="bbox 233 2998 1258 3100; baseline 0 -22"><span class='ocrx_word' id='word_1_150' title='bbox 233 3004 434 3087; x_wconf 80' lang='lat' dir='ltr'><strong>trimoniO,</strong></span> <span class='ocrx_word' id='word_1_151' title='bbox 460 3018 604 3083; x_wconf 85' lang='lat' dir='ltr'><strong>tamen,</strong></span> <span class='ocrx_word' id='word_1_152' title='bbox 619 2998 737 3097; x_wconf 89' lang='lat' dir='ltr'><strong>quoad</strong></span> <span class='ocrx_word' id='word_1_153' title='bbox 758 3001 834 3095; x_wconf 89' lang='lat' dir='ltr'><strong>ejus</strong></span> <span class='ocrx_word' id='word_1_154' title='bbox 854 2998 933 3072; x_wconf 88' lang='lat' dir='ltr'><strong>fieri</strong></span> <span class='ocrx_word' id='word_1_155' title='bbox 954 3001 1090 3099; x_wconf 87' lang='lat' dir='ltr'><strong>potuit,</strong></span> <span class='ocrx_word' id='word_1_156' title='bbox 1107 3024 1258 3100; x_wconf 81' lang='lat' dir='ltr'><strong>operam</strong></span> 
     </span>
     <span class='ocr_line' id='line_1_24' title="bbox 232 3115 1258 3219; baseline 0.004 -29"><span class='ocrx_word' id='word_1_157' title='bbox 232 3121 356 3205; x_wconf 86' lang='lat' dir='ltr'><strong>dedit,</strong></span> <span class='ocrx_word' id='word_1_158' title='bbox 382 3135 420 3190; x_wconf 92' lang='lat' dir='ltr'><strong>ut</strong></span> <span class='ocrx_word' id='word_1_159' title='bbox 449 3119 544 3219; x_wconf 76' lang='lat' dir='ltr'><strong>cives</strong></span> <span class='ocrx_word' id='word_1_160' title='bbox 566 3141 647 3203; x_wconf 88' lang='lat' dir='ltr'><strong>suos</strong></span> <span class='ocrx_word' id='word_1_161' title='bbox 668 3115 834 3189; x_wconf 87' lang='lat' dir='ltr'><strong>meliores</strong></span> <span class='ocrx_word' id='word_1_162' title='bbox 856 3117 1027 3192; x_wconf 87' lang='lat' dir='ltr'><strong>redderet</strong></span> <span class='ocrx_word' id='word_1_163' title='bbox 1047 3145 1133 3191; x_wconf 91' lang='lat' dir='ltr'><strong>cum</strong></span> <span class='ocrx_word' id='word_1_164' title='bbox 1155 3119 1258 3194; x_wconf 89' lang='lat' dir='ltr'><strong>disci·</strong></span> 
     </span>
    </p>
   </div>
   <div class='ocr_carea' id='block_1_4' title="bbox 109 3222 1256 3335">
    <p class='ocr_par' dir='ltr' id='par_1_4' title="bbox 109 3222 1256 3335">
     <span class='ocr_line' id='line_1_25' title="bbox 109 3222 1256 3335; baseline 0.003 -26"><span class='ocrx_word' id='word_1_165' title='bbox 109 3276 112 3281; x_wconf 47' lang='lat'><strong>⁴</strong></span> <span class='ocrx_word' id='word_1_166' title='bbox 231 3237 356 3335; x_wconf 70' lang='lat' dir='ltr'><strong>phud,</strong></span> <span class='ocrx_word' id='word_1_167' title='bbox 390 3250 470 3309; x_wconf 90' lang='lat' dir='ltr'><strong>tum</strong></span> <span class='ocrx_word' id='word_1_168' title='bbox 498 3235 663 3332; x_wconf 83' lang='lat' dir='ltr'><strong>exemplo</strong></span> <span class='ocrx_word' id='word_1_169' title='bbox 692 3251 727 3325; x_wconf 88' lang='lat' dir='ltr'><strong>et</strong></span> <span class='ocrx_word' id='word_1_170' title='bbox 751 3222 881 3309; x_wconf 82' lang='lat' dir='ltr'><strong>lactis:</strong></span> <span class='ocrx_word' id='word_1_171' title='bbox 910 3235 947 3308; x_wconf 90' lang='lat' dir='ltr'><strong>in</strong></span> <span class='ocrx_word' id='word_1_172' title='bbox 977 3237 1105 3334; x_wconf 91' lang='lat' dir='ltr'><strong>quibus</strong></span> <span class='ocrx_word' id='word_1_173' title='bbox 1140 3264 1256 3313; x_wconf 91' lang='lat' dir='ltr'><strong>unum</strong></span> 
     </span>
    </p>
   </div>
   <div class='ocr_carea' id='block_1_5' title="bbox 158 3348 1309 4283">
    <p class='ocr_par' dir='ltr' id='par_1_5' title="bbox 158 3348 1309 4283">
     <span class='ocr_line' id='line_1_26' title="bbox 230 3348 1256 3451; baseline -0.001 -22"><span class='ocrx_word' id='word_1_174' title='bbox 230 3354 371 3440; x_wconf 81' lang='lat' dir='ltr'><strong>lentur,</strong></span> <span class='ocrx_word' id='word_1_175' title='bbox 400 3349 498 3451; x_wconf 90' lang='lat' dir='ltr'><strong>quod</strong></span> <span class='ocrx_word' id='word_1_176' title='bbox 517 3349 682 3449; x_wconf 84' lang='lat' dir='ltr'><strong>inprimis</strong></span> <span class='ocrx_word' id='word_1_177' title='bbox 700 3348 1023 3450; x_wconf 83' lang='lat' dir='ltr'><strong>apudimperitam</strong></span> <span class='ocrx_word' id='word_1_178' title='bbox 1048 3351 1191 3450; x_wconf 82' lang='lat' dir='ltr'><strong>plebem</strong></span> <span class='ocrx_word' id='word_1_179' title='bbox 1206 3357 1256 3428; x_wconf 91' lang='lat' dir='ltr'><strong>ad</strong></span> 
     </span>
     <span class='ocr_line' id='line_1_27' title="bbox 229 3467 1296 3570; baseline 0 -25"><span class='ocrx_word' id='word_1_180' title='bbox 229 3469 442 3570; x_wconf 86' lang='lat' dir='ltr'><strong>opinionem</strong></span> <span class='ocrx_word' id='word_1_181' title='bbox 468 3467 666 3566; x_wconf 86' lang='lat' dir='ltr'><strong>impietatis</strong></span> <span class='ocrx_word' id='word_1_182' title='bbox 693 3468 814 3543; x_wconf 85' lang='lat' dir='ltr'><strong>valuit.</strong></span> <span class='ocrx_word' id='word_1_183' title='bbox 834 3470 991 3543; x_wconf 65' lang='lat' dir='ltr'><strong>Solebat</strong></span> <span class='ocrx_word' id='word_1_184' title='bbox 1022 3469 1255 3546; x_wconf 82' lang='lat' dir='ltr'><strong>Democritus</strong></span> <span class='ocrx_word' id='word_1_185' title='bbox 1291 3550 1296 3557; x_wconf 71' lang='grc'><strong><em>,</em></strong></span> 
     </span>
     <span class='ocr_line' id='line_1_28' title="bbox 227 3584 1254 3692; baseline 0 -30"><span class='ocrx_word' id='word_1_186' title='bbox 227 3589 439 3688; x_wconf 84' lang='lat' dir='ltr'><strong>frequenter</strong></span> <span class='ocrx_word' id='word_1_187' title='bbox 456 3612 493 3659; x_wconf 90' lang='lat' dir='ltr'><strong>se</strong></span> <span class='ocrx_word' id='word_1_188' title='bbox 520 3584 706 3659; x_wconf 88' lang='lat' dir='ltr'><strong>includere</strong></span> <span class='ocrx_word' id='word_1_189' title='bbox 726 3587 985 3660; x_wconf 82' lang='lat' dir='ltr'><strong>&#39;monumentis</strong></span> <span class='ocrx_word' id='word_1_190' title='bbox 1000 3600 1254 3692; x_wconf 86' lang='lat' dir='ltr'><strong>mortuorum,</strong></span> 
     </span>
     <span class='ocr_line' id='line_1_29' title="bbox 228 3700 1254 3808; baseline 0.003 -29"><span class='ocrx_word' id='word_1_191' title='bbox 228 3730 320 3808; x_wconf 84' lang='lat' dir='ltr'><strong>quae</strong></span> <span class='ocrx_word' id='word_1_192' title='bbox 348 3719 449 3779; x_wconf 87' lang='lat' dir='ltr'><strong>extra</strong></span> <span class='ocrx_word' id='word_1_193' title='bbox 474 3718 621 3803; x_wconf 88' lang='lat' dir='ltr'><strong>portam</strong></span> <span class='ocrx_word' id='word_1_194' title='bbox 652 3706 776 3797; x_wconf 79' lang='lat' dir='ltr'><strong>erant3</strong></span> <span class='ocrx_word' id='word_1_195' title='bbox 806 3717 843 3776; x_wconf 90' lang='lat' dir='ltr'><strong>et</strong></span> <span class='ocrx_word' id='word_1_196' title='bbox 872 3718 910 3776; x_wconf 89' lang='lat' dir='ltr'><strong>ut</strong></span> <span class='ocrx_word' id='word_1_197' title='bbox 943 3729 986 3777; x_wconf 91' lang='lat' dir='ltr'><strong>eo</strong></span> <span class='ocrx_word' id='word_1_198' title='bbox 1025 3700 1254 3807; x_wconf 78' lang='lat' dir='ltr'><strong>tranquillius</strong></span> 
     </span>
     <span class='ocr_line' id='line_1_30' title="bbox 228 3819 1288 3923; baseline 0.004 -25"><span class='ocrx_word' id='word_1_199' title='bbox 228 3819 457 3899; x_wconf 85' lang='lat' dir='ltr'><strong>meditationi</strong></span> <span class='ocrx_word' id='word_1_200' title='bbox 485 3837 654 3910; x_wconf 87' lang='lat' dir='ltr'><strong>vacaret,</strong></span> <span class='ocrx_word' id='word_1_201' title='bbox 678 3839 721 3919; x_wconf 25' lang='lat' dir='ltr'><strong>et·</strong></span> <span class='ocrx_word' id='word_1_202' title='bbox 735 3837 776 3894; x_wconf 89' lang='lat' dir='ltr'><strong>ut</strong></span> <span class='ocrx_word' id='word_1_203' title='bbox 799 3819 931 3897; x_wconf 87' lang='lat' dir='ltr'><strong>civium</strong></span> <span class='ocrx_word' id='word_1_204' title='bbox 957 3824 1254 3923; x_wconf 88' lang='lat' dir='ltr'><strong>superstitionem</strong></span> <span class='ocrx_word' id='word_1_205' title='bbox 1275 3868 1288 3881; x_wconf 83' lang='lat'><em>-</em></span> 
     </span>
     <span class='ocr_line' id='line_1_31' title="bbox 230 3939 1252 4042; baseline 0.003 -30"><span class='ocrx_word' id='word_1_206' title='bbox 230 3940 397 4038; x_wconf 81' lang='lat' dir='ltr'><strong>exemplo</strong></span> <span class='ocrx_word' id='word_1_207' title='bbox 423 3941 497 4036; x_wconf 92' lang='lat' dir='ltr'><strong>ipse</strong></span> <span class='ocrx_word' id='word_1_208' title='bbox 525 3964 589 4010; x_wconf 93' lang='lat' dir='ltr'><strong>suo</strong></span> <span class='ocrx_word' id='word_1_209' title='bbox 614 3939 829 4013; x_wconf 83' lang='lat' dir='ltr'><strong>confutaret.</strong></span> <span class='ocrx_word' id='word_1_210' title='bbox 850 3940 903 4014; x_wconf 92' lang='lat' dir='ltr'><strong>lbi</strong></span> <span class='ocrx_word' id='word_1_211' title='bbox 926 3969 1036 4042; x_wconf 87' lang='lat' dir='ltr'><strong>quum</strong></span> <span class='ocrx_word' id='word_1_212' title='bbox 1059 3956 1171 4013; x_wconf 92' lang='lat' dir='ltr'><strong>noctu</strong></span> <span class='ocrx_word' id='word_1_213' title='bbox 1203 3944 1252 4017; x_wconf 87' lang='lat' dir='ltr'><strong>ad</strong></span> 
     </span>
     <span class='ocr_line' id='line_1_32' title="bbox 158 4057 1309 4154; baseline 0.007 -27"><span class='ocrx_word' id='word_1_214' title='bbox 158 4125 167 4143; x_wconf 65' lang='grc'>,</span> <span class='ocrx_word' id='word_1_215' title='bbox 228 4057 417 4131; x_wconf 87' lang='lat' dir='ltr'><strong>lucernam</strong></span> <span class='ocrx_word' id='word_1_216' title='bbox 435 4070 739 4128; x_wconf 85' lang='lat' dir='ltr'><strong>commentaretur</strong></span> <span class='ocrx_word' id='word_1_217' title='bbox 751 4113 759 4143; x_wconf 92' lang='lat'><strong>,</strong></span> <span class='ocrx_word' id='word_1_218' title='bbox 773 4058 844 4129; x_wconf 90' lang='lat' dir='ltr'><strong>huc</strong></span> <span class='ocrx_word' id='word_1_219' title='bbox 859 4061 1010 4154; x_wconf 86' lang='lat' dir='ltr'><strong>juvenes</strong></span> <span class='ocrx_word' id='word_1_220' title='bbox 1029 4057 1251 4153; x_wconf 86' lang='lat' dir='ltr'><strong>petulantes,</strong></span> <span class='ocrx_word' id='word_1_221' title='bbox 1306 4102 1309 4107; x_wconf 85' lang='lat'>-</span> 
     </span>
     <span class='ocr_line' id='line_1_33' title="bbox 229 4157 1251 4283; baseline 0.005 -37"><span class='ocrx_word' id='word_1_222' title='bbox 229 4189 270 4247; x_wconf 90' lang='lat' dir='ltr'><strong>ut</strong></span> <span class='ocrx_word' id='word_1_223' title='bbox 290 4200 373 4265; x_wconf 81' lang='lat' dir='ltr'><strong>eum</strong></span> <span class='ocrx_word' id='word_1_224' title='bbox 397 4172 669 4280; x_wconf 74' lang='lat' dir='ltr'><strong>ludificarentur.</strong></span> <span class='ocrx_word' id='word_1_225' title='bbox 695 4196 737 4245; x_wconf 88' lang='lat' dir='ltr'><strong>ac</strong></span> <span class='ocrx_word' id='word_1_226' title='bbox 755 4186 951 4283; x_wconf 76' lang='lat' dir='ltr'><strong>terrerent,</strong></span> <span class='ocrx_word' id='word_1_227' title='bbox 974 4157 1173 4278; x_wconf 84' lang='lat' dir='ltr'><strong>derepente</strong></span> <span class='ocrx_word' id='word_1_228' title='bbox 1189 4179 1251 4257; x_wconf 76' lang='lat' dir='ltr'><strong>in-‚</strong></span> 
     </span>
    </p>
   </div>
   <div class='ocr_carea' id='block_1_6' title="bbox 0 0 1320 4994">
    <p class='ocr_par' dir='ltr' id='par_1_6' title="bbox 0 0 1320 4994">
     <span class='ocr_line' id='line_1_34' title="bbox 0 0 1320 4994; baseline 0 5"><span class='ocrx_word' id='word_1_229' title='bbox 0 0 1320 4994; x_wconf 95' lang='lat' dir='ltr'><strong> </strong></span> 
     </span>
    </p>
   </div>
  </div>
 </body>
</html>
