2632 4994
299 504 302 511 .
354 390 371 425 '
588 358 598 383 ’
680 405 770 494 <sc
790 405 812 491 ’)

209 610 212 614 ,
315 554 481 630 Spiritus.-
498 570 570 631 equa
587 548 669 629 seris
687 510 864 611 humana
851 568 886 605 m
906 569 1047 628 corporo
1051 552 1198 625 transit,

160 650 165 667 “
199 644 202 649 ⁴
314 653 412 732 Inque
422 649 515 728 feros
533 657 652 716 noster,
671 667 727 704 nec
746 659 874 726 tempore
898 647 1036 729 deperit
1029 649 1152 733 ullo,
1184 676 1189 689 ·

318 749 413 829 thue
429 746 516 829 novis
529 742 661 825 fragilis
682 746 826 826 signatur
845 765 914 823 cero
933 734 1076 843 figuris

281 845 380 907 Nec
401 853 525 911 monet,
547 853 581 926 nt
592 841 724 922 fuerat,
746 864 806 901 nec
817 818 940 923 soranos
958 834 1060 905 servat
1080 843 1225 913 casdem,

309 937 370 995 Sed
377 949 480 998 tomen
497 941 568 1018 ipsa
583 939 688 997 eodem
698 946 767 1013 est;
777 942 916 998 animm
927 944 973 999 sic
987 962 1105 1020 semper
1118 940 1257 999 eamdent

308 1035 389 1093 Esse
400 1076 412 1105 ,
433 1035 519 1094 sed
507 1056 541 1093 ινι
553 1040 662 1095 varias
680 1037 768 1096 doceo
781 1040 914 1119 migrare
928 1039 1102 1119 figurant:
1142 1099 1148 1107 ,

280 1152 378 1224 Haec
398 1142 507 1249 igit'ur
530 1150 718 1252 disciplina
747 1174 859 1252 quum
887 1181 908 1226 a
935 1154 1151 1250 Pythagora,
1167 1151 1259 1225 Cro·

229 1285 316 1343 tone
343 1292 394 1340 -ac
424 1267 580 1341 Tarenti
613 1271 811 1343 constituta
836 1269 978 1356 fuisset,
1008 1267 1113 1343 breti
1142 1266 1256 1339 latius
1297 1292 1306 1311 ‘

231 1410 396 1459 manare·
409 1385 526 1481 coepit
548 1410 614 1480 per
632 1387 796 1485 reliquas·
809 1390 969 1461 Graecas
986 1384 1118 1460 ltaliae
1129 1371 1257 1468 urbes}

139 1488 161 1526 '⁸
230 1504 386 1577 Siciliam
398 1498 555 1596 etipsam
569 1501 760 1572 Graeciam
773 1503 985 1600 Ioniamque
997 1501 1167 1599 pervasit.
1182 1498 1252 1573 sed

231 1619 368 1714 primus
382 1672 400 1698 „
420 1614 483 1712 qui
511 1637 556 1685 ex
583 1612 638 1684 illa
663 1614 783 1686 schola
802 1616 938 1688 librum
958 1615 1159 1702 scriberet,
1184 1615 1256 1688 suit

230 1731 429 1801 Alcmaeon
457 1729 707 1814 Crotoniates,
736 1730 799 1828 qui
826 1730 971 1826 juvenis
1001 1730 1254 1826 Pythagoram

229 1868 354 1917 senem
391 1843 586 1918 audiverat.
625 1844 674 1918 Et
708 1845 747 1916 in
782 1870 834 1919 eo·
864 1846 960 1919 libro
994 1845 1256 1979 disertesstpr'o-
1303 1908 1306 1917 .

229 1959 481 2047 nuntiaverat,
512 1961 692 2050 Animum
716 1987 796 2035 csse
834 1961 1119 2049 tQmmortalcm
1116 1976 1176 2033 ct
1197 1962 1254 2059 ip-

228 2103 307 2148 sum
331 2077 400 2148 sud
422 2079 457 2148 νί
481 2077 648 2147 cntinuo
675 2076 954 2178 morerievelpti
970 2069 1105 2152 Solem.
1121 2076 1260 2152 Postea-

228 2192 363 2267 exstitit
392 2192 582 2284 Htppasus
614 2185 912 2287 Metapontzfflnus
946 2195 1009 2294 qui
1042 2212 1148 2268 ausus
1170 2211 1248 2285 est,
1273 2218 1280 2226 ’

228 2306 326 2405 quod
352 2303 461 2376 nasas
482 2305 682 2379 habebatur
703 2334 725 2381 a
744 2308 1001 2406 Pythagoreis,
1025 2310 1223 2411 evulgare
1213 2338 1258 2386 rn

228 2423 408 2522 publicam
425 2397 624 2521 ,hominum
645 2425 816 2500 notitiam
838 2428 968 2525 placita
988 2430 1253 2531 sententiasque
1295 2416 1298 2421 ’

228 2538 336 2639 ipsius
368 2539 602 2638 Pythagorae.
631 2541 783 2641 Hippasi
810 2541 918 2636 igitur
950 2536 1022 2616 ilto'
1042 2536 1137 2616 libro
1166 2567 1270 2623 sen*

123 2729 128 2737 ,
228 2657 341 2734 tentia
374 2656 534 2754 exposita
566 2673 646 2736 erat
683 2657 895 2756 ejusmodi:
921 2658 1261 2758 Rerumomnium

201 2872 204 2877 ,
229 2799 373 2848 causam
398 2799 472 2847 esse
494 2774 648 2849 eandem
673 2789 708 2849 et
731 2773 951 2848 efficientem
968 2788 1005 2846 et
1023 2774 1231 2872 patientem
1240 2811 1259 2866 ,¹

145 2930 148 2934 ·
194 2893 390 2965 ‘eundem
419 2906 456 2964 et
494 2890 709 2964 effectorem
747 2903 786 2962 et
825 2887 1016 2963 materiam
1038 2914 1060 2958 ·:-
1078 2888 1254 2966 nimirum

121 2998 129 3020 ⁸
226 3007 350 3106 ignem
366 3029 509 3083 summe
528 3004 821 3100 intelligentem,
846 3006 910 3104 qui
930 3026 1025 3079 ex-'se
1039 3004 1113 3104 ipse
1127 3008 1253 3081 othnia

227 3124 406 3196 creaverit
431 3149 439 3193 ε
466 3137 504 3197 et
530 3147 574 3194 ex
595 3121 724 3194 eodem
742 3120 828 3218 igne
845 3137 1009 3197 constare
1023 3116 1176 3197 'animos
1189 3125 1253 3197 ho-

156 3317 159 3325 ,
227 3238 401 3315 minum-t
426 3241 503 3336 ejus
522 3238 613 3341 ignis
632 3238 902 3340 compressione
926 3257 963 3312 et
981 3240 1081 3338 quasi
1094 3238 1250 3323 conden-

226 3355 362 3429 satione
385 3381 441 3426 res
472 3383 609 3428 omnes.
627 3357 725 3452 gigni
749 3383 954 3456 corporeas.
981 3350 1083 3428 Haec
1108 3373 1162 3430 est
1178 3359 1277 3432 illa.

165 3541 172 3556 ‚
225 3473 272 3544 de
292 3486 453 3570 quatuor
479 3469 664 3546 elementis
682 3473 829 3570 opinio,
857 3472 1032 3547 celebrata
1051 3474 1252 3571 antiquitus

194 3581 197 3586 ¹
223 3615 307 3663 cum
335 3589 379 3661 ab
397 3586 475 3661 aliis
493 3584 635 3674 multis,
660 3605 736 3690 tum
765 3588 811 3664 ab
828 3589 1051 3687 Empedocle
1074 3605 1110 3662 et
1127 3590 1250 3665 Hera-

224 3709 317 3781 clito.
351 3707 494 3779 H‘orum
522 3704 693 3807 deinceps
718 3705 942 3795 mutatione,
967 3707 1248 3803 constrictione,

222 3822 524 3909 dissolutioneve',
556 3851 675 3897 unum
704 3849 748 3897 ex
781 3815 897 3898 altero
928 3824 1029 3897 nasci
1063 3819 1248 3900 volebant.

175 3963 183 3975 ·
222 3939 374 4013 Terram
396 3965 471 4012 esse
498 3942 662 4019 omnium
682 3940 848 4014 maxime,
866 3966 1020 4015 crassam
1047 3931 1249 4036 :lejus'dis-

185 4062 193 4079 '
222 4057 398 4131 solutione
418 4056 496 4127 lieri
520 4039 650 4154 aquam
674 4087 682 4127 ε
709 4081 823 4154 aquae
844 4057 1080 4133 dissolutione¹
1094 4045 1244 4147 aerem,

223 4172 313 4243 aeris
334 4170 565 4251 dissolutione
590 4171 736 4279 ignem:
753 4186 787 4244 et
805 4171 852 4242 ita
871 4171 1132 4249 constrictione
1151 4176 1246 4274 ignis
1266 4248 1270 4253 .
