2632 4994
378 349 381 356 ’
496 371 651 467 (ιιι)

55 522 288 605 externarum
308 524 479 624 imagines
497 522 629 596 inferri
647 522 689 597 iri
704 540 866 604 mentem
880 529 1019 607 nudam
1043 547 1078 610 et

57 656 209 722 vacuam
242 643 287 718 ab
311 640 425 716 omni
459 637 677 738 cogitatione
705 657 743 718 et
781 645 922 721 notitia.

105 766 233 838 Altera
254 777 308 836 est
325 756 507 834 sententia
531 756 707 846 Platonis,
732 763 793 860 qui
805 759 947 853 tuetur,
969 765 1077 840 luisse
1117 770 1121 783 '

57 878 237 980 quasdam.
250 877 290 951 in
314 875 438 950 animo
464 871 614 951 notitias
639 888 837 974 antequam
871 898 1079 957 nasceretur
1160 881 1165 893 ⁴

23 992 26 996 ’
58 997 186 1085 homo;
207 994 340 1096 quippe
352 988 495 1063 animus
511 1015 587 1063 non
602 990 711 1090 possit
725 993 900 1090 suscipere
911 1021 953 1071 ac
970 997 1082 1074 veluti

39 1135 253 1212 ¹agnoscere
278 1105 450 1204 imagines
471 1131 596 1179 rerum
625 1122 862 1182 externarum
883 1125 993 1210 atque
1014 1141 1081 1215 per

57 1246 183 1303 sensus
206 1224 427 1310 oblatarum,
451 1222 523 1297 nisi
547 1223 632 1297 alias
656 1223 735 1323 ipse
764 1221 912 1298 haberet
934 1228 1082 1329 notitias
1185 1241 1193 1255 '

57 1358 167 1442 atque
189 1341 311 1429 ideas„
328 1339 379 1412 ad
398 1364 486 1439 quas
509 1365 567 1414 res
587 1339 815 1415 extrinsecus·
826 1357 1013 1443 perceptas
1028 1371 1082 1421 re·

58 1459 171 1535 ferr-et
193 1473 301 1560 atque
315 1492 316 1496 ¹
330 1458 502 1556 exigeret.
521 1460 653 1558 ‚Atque
672 1459 767 1531 hanc
790 1460 1011 1538 sententiam
1028 1488 1082 1537 se-

59 1590 166 1651 cutus
185 1593 239 1651 est
258 1575 481 1664 Leibnitius,
504 1599 664 1674 eamque
676 1573 748 1647 sub·
769 1574 918 1650 nomine
942 1576 1082 1653 doctri-

58 1719 128 1767 nae
151 1691 196 1764 de
220 1691 309 1766 ideis
328 1691 464 1773 innatis
484 1690 691 1767 celebravit.
717 1691 790 1764 Sed
810 1693 916 1766 Plato
931 1694 1081 1794 quidem

58 1809 241 1883 conficere
264 1809 351 1881 hine
373 1809 507 1894 voluit,
523 1806 641 1881 fuisse
663 1824 768 1881 antea
791 1809 834 1886 in
854 1813 931 1884 aliis
956 1837 1104 1912 corpo-v

58 1900 157 1998 ribus
190 1925 372 1999 animum.
407 1922 594 1999 Leibnitio
631 1926 702 1998 hoc
728 1951 842 1998 anum
874 1929 959 1998 satis
987 1928 1078 2019 fuit,

59 2037 226 2112 habuisse
259 2039 424 2112 animam
456 2039 606 2112 notitias
642 2054 838 2137 antequam
870 2039 909 2111 in
948 2064 1082 2192 corpus
1171 2107 1174 2113 .
1239 2031 1243 2043 ’

59 2154 214 2234 veniret.
314 2170 319 2179 ’

78 2269 276 2343 Secunda
292 2295 385 2367 pars
381 2269 602 2366 argumenti
617 2271 717 2366 ejus,
738 2293 812 2367 quo
832 2269 938 2344 Plato
952 2275 1083 2352 confici
1154 2258 1185 2281 '-

21 2418 31 2436 s
60 2385 174 2461 uoluit
200 2390 341 2475 animos
366 2383 472 2458 fuisse
498 2399 695 2493 antequam
724 2384 763 2457 in
793 2411 949 2487 corpora
974 2392 1083 2466 veni·

59 2520 168 2592 rent;
192 2503 336 2577 duabus
348 2503 558 2576 continetur
582 2496 959 2582 rationibus.[Harum
983 2510 1083 2609 prior

61 2618 238 2717 ejusmodi
265 2635 317 2692 est
343 2643 351 2686 :
375 2618 516 2690 nullum
542 2644 618 2690 esse
646 2622 783 2691 intuta
807 2627 936 2694 natura
961 2625 1084 2698 interi-

61 2754 158 2838 tum3
176 2763 263 2837 nam
273 2734 380 2821 illud,
402 2731 501 2832 quod
520 2731 668 2804 interire
689 2731 873 2822 videatur,
890 2760 968 2808 non
982 2736 1085 2825 abire

62 2856 102 2928 in
134 2840 313 2953 nihilum}
333 2850 396 2925 sed
427 2851 468 2923 in
492 2847 602 2923 alium
631 2862 765 2922 statum
789 2841 944 2926 transire
971 2871 1083 2955 atquo
1165 2887 1169 2893 ·
1248 2858 1250 2865 ’

64 2971 275 3045 dissolviin
292 2992 374 3041 suas
394 2983 516 3067 partes
540 2997 548 3041 :
576 2971 653 3065 jam
679 2992 768 3042 vero
794 2994 982 3071 quousque
1010 2989 1111 3071 tan-¹

64 3088 151 3160 dem
169 3100 313 3160 natura
345 3085 601 3184 progrediatur
634 3083 864 3161 dissolutione
897 3086 1053 3187 partium
1075 3128 1094 3183 ‚·
1111 3078 1123 3091 “’
1217 3113 1221 3119 ·

10 3220 13 3227 ·
64 3228 254 3303 nunquam
284 3224 373 3278 eam'
386 3215 651 3300 perventuram
675 3201 721 3275 ad
742 3203 918 3302 ejusmodi
942 3223 1089 3307 panes,
1133 3230 1140 3251 ⁸

66 3346 172 3421 quae
187 3319 380 3394 dissolutae
394 3320 433 3393 in
448 3319 603 3395 nihilum
619 3321 770 3408 abeant;
792 3340 922 3399 contra
940 3352 1085 3428 semper

44 3438 225 3512 minores
249 3453 369 3536 partes
387 3463 469 3512 eam
495 3439 654 3542 retinere
679 3438 860 3532 indolem,
888 3459 927 3515 ut
945 3446 1086 3542 aequali

67 3572 173 3656 atque
196 3559 360 3658 majores
382 3572 503 3656 partes
529 3557 741 3642 intervallo,
769 3558 807 3627 id
835 3571 888 3626 est
913 3555 1084 3646 infinito,

67 3673 199 3759 distent
220 3701 241 3746 a
261 3674 384 3750 nihilo.
412 3678 460 3749 Et
486 3701 575 3750 vero
602 3671 823 3745 mutationes
841 3693 970 3743 omnes
990 3673 1085 3749 fiunt

67 3789 238 3891 paulatim
265 3807 300 3864 et
321 3787 747 3890 successionegraduulm
771 3815 788 3859 ιι
807 3784 871 3860 sed
899 3787 1085 3880 interitum
1130 3874 1133 3879 ,

69 3907 282 4007 ι’]υἰφοείωε
302 3905 406 3979 estin
420 3903 623 3979 mutatione
639 3904 717 4000 ejus
736 3903 834 4002 quod
860 3907 962 3979 estin
980 3908 1083 3998 illud,
1117 3974 1124 3983 .

71 4023 169 4118 quod
188 4039 330 4097 nonest
348 4036 456 4122 atque
471 4020 509 4092 in
521 4020 674 4094 nihilum
688 4077 696 4108 ,
708 4037 743 4095 et
756 4021 966 4118 intelligitur
980 4040 1101 4098 tran··
1148 4120 1154 4128 Ι

23 4189 31 4202 -
71 4135 151 4215 sltu'
168 4140 212 4216 ab
227 4167 302 4233 esse
322 4140 372 4245 ad,
386 4165 561 4228 non-esse
576 4164 584 4214 ι
598 4141 657 4219 hic
674 4137 785 4240 igitur
799 4139 1086 4248 interitusquum
