2632 4994
606 353 806 454 (3¹l.
884 396 888 403 ·

155 494 317 596 Deorum
336 513 432 586 cultu
456 508 714 594 instituendos,
736 521 776 579 et
806 505 1056 607 providentiae·
1071 498 1182 616 atqult

146 630 432 727 ‚immortalitatis
463 627 638 729 opinione
661 623 888 701 imbuendos.

204 750 286 822 Hac
307 746 416 844 igitur
432 752 549 819 aetate
576 740 743 815 subtilior
765 741 914 816 tandem
930 744 1179 847 philosophiae

154 868 250 939 ratio
273 862 312 943 in
330 853 718 963 publicumprqducta
736 872 788 932 est
809 887 833 933 a
851 859 1005 934 Thalete
1022 863 1186 952 Milesio,

155 984 260 1082 cujus
277 994 359 1054 tota
376 975 563 1075 disciplina
581 974 646 1046 luit
663 974 813 1072 physica
824 962 841 1059 ,⁸
856 974 893 1048 id
914 992 985 1066 est,
1004 993 1043 1052 ut
1060 1005 1187 1054 rerum
1250 1000 1253 1005 '

157 1124 285 1172 causae
307 1122 353 1169 ex
376 1119 574 1193 corporum
598 1095 730 1164 natura
750 1085 788 1164 'et
812 1091 994 1167 elementis
1011 1094 1186 1172 ducerem·
1293 1138 1298 1145 ·

158 1232 233 1289 tur.
247 1214 322 1286 Hio
333 1237 444 1311 quum
459 1209 692 1306 intelligeret,
706 1208 840 1281 nullam
854 1232 928 1289 esce
942 1204 979 1279 in
992 1234 1187 1308 corporum

158 1332 299 1403 natura
323 1325 499 1424 ejusmodi
523 1326 619 1410 uim,
643 1349 735 1422 quae
755 1349 898 1396 causam
917 1339 952 1396 et
968 1325 1189 1427 principium

159 1460 280 1551 motus
291 1443 508 1527 contineret,
526 1439 690 1512 adhibuit
702 1465 844 1512 causam
864 1427 1080 1516 efficientem
1095 1449 1186 1542 ejus·

160 1560 283 1647 modi,
310 1560 413 1654 cujus
437 1555 472 1630 vi
492 1582 648 1655 corpora
665 1571 913 1630 moverentur.
934 1559 1097 1660 Cumque
1110 1588 1188 1634 cor-

160 1703 297 1778 porum
332 1674 550 1774 principium
592 1689 703 1773 atque
741 1675 960 1750 elementum
1000 1679 1188 1765 ¹statuisset

158 1818 313 1892 aquam,
343 1790 444 1862 unde
477 1788 601 1864 omnia
629 1790 810 1863 orirentur
829 1807 902 1877 ,et
920 1792 958 1865 in
978 1821 1087 1893 quam
1111 1794 1187 1866 dis-

157 1909 390 1985 solverentur
407 1906 544 1994 omuia;
567 1907 652 1978 huic
669 1908 841 1982 materiae
858 1909 1026 2005 adjunxit
1043 1937 1188 1985 causam
1291 1892 1298 1917 l

112 2010 118 2097 f
136 2080 141 2093 .
159 2025 399 2110 efficientem,
417 2050 509 2122 quae
527 2048 572 2095 ex
591 2027 686 2119 aqua
700 2021 824 2092 omnia
842 2022 1018 2116 fingeret:
1036 2047 1190 2122 eamque

160 2166 310 2216 causam
328 2137 481 2211 vocabat
502 2139 671 2207 Mentem
699 2148 736 2206 et
759 2134 899 2224 Deum„
915 2133 965 2205 Et
985 2149 1026 2207 ut
1052 2138 1192 2212 mundo

163 2236 340 2332 universo
356 2251 537 2326 tribuebat
559 2252 722 2323 Mentem
735 2275 796 2322 seu
821 2248 940 2323 Deum
955 2307 963 2338 ,
977 2279 1048 2352 quo
1061 2255 1192 2365 guber.

163 2389 336 2459 naretur,
357 2395 512 2468 eumque
534 2383 718 2445 remotum
737 2395 757 2439 a
773 2373 949 2464 corporea
974 2373 1120 2460 naturai
1142 2372 1191 2447 ita
1250 2437 1255 2448 .

163 2487 356 2562 hominum
382 2498 524 2556 mentes
560 2481 724 2579 ejusdem
752 2509 794 2556 ac
816 2485 937 2573 Deum
963 2488 1125 2585 generis,
1153 2489 1206 2562 id·

166 2618 241 2688 est,
257 2602 498 2699 incorporeae
513 2614 660 2671 naturae
675 2657 682 2687 ‚
698 2627 773 2672 esse
785 2597 1064 2700 volentiaque,
1084 2621 1122 2675 ut
1139 2619 1193 2677 est

123 2807 126 2816 ἱ
167 2718 266 2820 apud
293 2718 496 2816 Diogenem
522 2715 721 2799 Laenium,
751 2716 871 2788 statuit
898 2717 1040 2787 enimus
1069 2717 1191 2792 homi·
1211 2700 1222 2715 ..

165 2862 252 2910 num
275 2833 507 2908 ¹immortales
539 2855 630 2901 esse.
662 2827 837 2921 Quinimo
864 2843 990 2900 totam
1018 2846 1191 2909 naturam
1264 2890 1271 2904 .

166 2956 313 3053 plenam
333 2949 539 3024 animorum
563 2971 605 3018 ac
633 2944 853 3018 daemonum
886 2970 961 3018 esse
983 2947 1094 3020 voluit
1114 2977 1123 3036 ;
1141 2951 1194 3022 ni·
1262 2976 1264 2981 ’

168 3069 325 3149 mirum,
350 3064 447 3163 quod
467 3064 632 3149 videret,
650 3062 765 3135 multa
787 3064 880 3151 fieri,
900 3090 992 3162 quae
1019 3092 1065 3140 ex
1083 3068 1194 3142 causis

169 3179 398 3257 naturalibus
419 3179 637 3252 vnecessariis
661 3180 704 3253 ‘et
729 3196 851 3255 mente
877 3181 1053 3258 destitutis
1080 3186 1194 3286 proli·
1282 3278 1292 3291 ι

171 3302 255 3375 cisci
275 3327 353 3373 non
379 3314 539 3398 possent.
565 3298 673 3394 Quod
697 3299 866 3400 quidem,
891 3316 978 3375 teste
995 3305 1194 3392 Cicerone,

142 3436 145 3441 '
173 3419 219 3495 ad
233 3419 412 3505 moralem
427 3403 977 3516 dicciplinam'accommodavit‚
992 3425 1093 3518 cujus
1107 3424 1197 3496 haec

173 3551 259 3610 sunt
272 3537 402 3609 verba:
422 3565 440 3598 α
452 3537 485 3605 T
482 3535 603 3621 heles,
625 3539 690 3636 qui
703 3539 992 3635 sapientissimus
1012 3520 1201 3633 inceptem

112 3636 118 3716 s
163 3651 251 3743 suit,
264 3653 369 3736 dixit,
385 3640 548 3725 bomine&
562 3655 773 3726 existimare
786 3667 965 3747 oportere,
976 3655 1095 3724 omnia
1108 3678 1199 3749 quae

179 3783 443 3851 cernerentur,
463 3771 620 3840 Deorum
642 3792 720 3839 esse
729 3768 840 3860 plena
855 3766 958 3857 ;f0re
970 3770 1062 3839 enim
1077 3794 1198 3842 omnes
1280 3778 1283 3783 '

162 3885 349 3957 castiores
369 3940 378 3968 ‚
392 3883 500 3952 veluti
508 3885 573 3980 qui
580 3885 618 3952 in
620 3882 731 3974 semis
749 3897 871 3952 essent
885 3885 1044 3954 maxime
1059 3885 1199 3982 religio·

147 4010 154 4022 '
177 4004 242 4073 sis.
262 4037 278 4069 »
299 4002 435 4098 Atque,
449 4015 484 4070 ut
501 3997 685 4097 proditum
700 4012 753 4070 est
764 3997 808 4070 ab
822 3999 1030 4093 auctoribus-¹
1042 4002 1203 4096 gravissi·

181 4117 272 4221 mlS,
293 4116 458 4199 definivit
478 4115 682 4223 Anltttam
709 4121 788 4196 Φύσιν
799 4122 840 4186 ἀεὶ
850 4126 957 4208 κινητὸν,
965 4125 1009 4184 uel
1020 4123 1188 4223 elroxlmreu
1211 4174 1219 4195 ‚
