2632 4994
578 358 729 456 (10²)

143 509 444 612 interituszquod
463 505 609 607 quidem
631 521 887 605 argumentum
906 497 978 582 hoc
994 523 1162 610 tempore

144 653 167 699 a
189 626 294 701 nobis
315 622 506 725 disceptari
530 622 655 721 nequit
681 650 689 693 ε
714 622 775 695 sed
803 639 948 736 tamen,
973 627 1002 699 si
1032 627 1161 716 vultis,

34 816 36 819 .
115 754 122 768 '
144 736 309 819 narrabo
322 742 442 828 vobis,
468 735 552 840 quid
570 736 690 811 mihi
681 763 722 811 ιιι
747 743 823 838 ejus
844 740 960 816 studio
980 740 1164 819 acciderit.

193 861 313 953 Quum
339 880 468 930 omnes
492 852 626 929 assensi
646 866 821 946 essemus,
848 884 936 958 ego,
954 856 1074 958 inquit
1101 859 1164 936 So-

143 993 275 1060 crates,
290 972 337 1049 ab
361 960 509 1044 ineunte
526 985 643 1044 aetate
660 954 855 1046 mirificum
868 975 1058 1074 quendam
1066 999 1165 1049 amo·

140 1118 222 1166 rem
236 1078 475 1189 conceperam
500 1090 577 1186 ejus
593 1088 798 1181 doctrinae,
817 1116 927 1191 quarn
945 1093 1054 1189 vulgo
1064 1092 1165 1194 Phy

139 1210 254 1283 sr'cam
270 1208 458 1308 appellant.
473 1204 676 1283 Videbatur
687 1207 776 1283 mihi
791 1208 973 1307 praeclare
987 1207 1162 1312 quaedam

61 1390 69 1415 ,
139 1343 179 1401 et
198 1325 389 1426 magnifica
408 1324 486 1422 ejus
504 1350 579 1400 esse
600 1324 714 1414 ratio;
737 1327 872 1426 quippe
891 1352 982 1428 quae
1001 1325 1164 1441 doceret,

139 1443 269 1545 quibus
293 1440 406 1516 causis
434 1467 562 1545 omnes
584 1468 643 1517 res
662 1441 719 1519 vel
742 1443 954 1537 orirentur,
982 1443 1040 1518 vel
1069 1443 1165 1515 inte·

136 1565 266 1651 rireno
289 1559 400 1667 Igitur
424 1557 463 1632 in
491 1560 571 1656 ejus
592 1559 779 1669 doctrinae
802 1560 1036 1658 indagatione
1066 1560 1165 1633 mul·

137 1691 216 1751 tum
240 1700 371 1773 operae
394 1672 575 1773 studiique
602 1672 799 1763 collocavi,
832 1692 867 1749 et
892 1702 951 1748 me
976 1678 1016 1761 in
1035 1691 1177 1751 omnes*

137 1804 263 1892 partes
281 1789 447 1866 converti
473 1819 481 1864 ε
506 1785 676 1880 tandem,
697 1816 811 1891 quum
838 1788 1000 1872 viderem
1028 1817 1166 1867 vanum

141 1935 216 1985 esse
239 1933 364 1985 meum
386 1908 548 1983 laborem
560 1932 710 2008 ,neque
732 1933 793 1984 me
816 1905 1013 2009 quidquam
1037 1909 1167 2008 prole·-

36 2011 39 2019 ⁸
139 2027 229 2102 cisse
248 2025 294 2101 ad
318 2026 563 2126 cognitionem
588 2050 735 2111 rerum,
767 2040 891 2100 toturn
910 2027 980 2102 hoc
1005 2024 1167 2103 stddium

141 2142 271 2278 abjeci.
301 2144 429 2219 Postea
452 2140 581 2216 forte
571 2167 610 2217 ιιι
634 2144 885 2247 Anaxagorae
897 2142 1061 2218 notitiam
1087 2169 1165 2242 per·

140 2262 247 2347 veni,
265 2260 506 2357 quiomnium
527 2284 649 2333 rerum
670 2286 791 2335 causas
807 2261 848 2335 in
866 2278 990 2338 mente
1010 2260 1165 2398 quadarn

142 2391 182 2449 et
208 2372 352 2446 ratione
371 2370 565 2473 ponebat.
556 2377 741 2476 .ejusque
768 2382 968 2456 sententiae
993 2380 1165 2455 verisimi-

139 2488 291 2579 litudine
322 2487 454 2562 iterum
480 2490 528 2563 ad
557 2492 652 2562 hanc
668 2486 887 2571 doctrinam
912 2515 1098 2585 revocatus
1132 2514 1166 2574 et

105 2640 109 2646 ·
138 2602 351 2691 mirifico
319 2628 397 2702 elus
418 2629 543 2679 amore
565 2603 731 2679 incensus
756 2632 858 2680 sum
850 2611 1027 2715 ‚quippe
1055 2631 1166 2714 puta·
1210 2692 1214 2703 ,

140 2720 226 2797 barn
247 2723 404 2820 mejam
419 2719 530 2795 veluti
553 2704 694 2796 clavem
720 2704 868 2800 nactum
892 2752 967 2801 esse
982 2735 1091 2831 ,qua
1109 2759 1167 2807 re·

141 2837 294 2912 condita
334 2855 483 2914 naturae
521 2839 718 2938 penetralia
746 2839 987 2919 recluderem.
1024 2848 1170 2927 Verum

142 2955 266 3046 enim,
289 2983 313 3031 o
335 2956 459 3046 amici,
476 2956 521 3032 ab
536 2957 673 3055 ingenti
691 2985 754 3057 spe
780 2958 940 3059 dejectus
958 2989 1050 3041 sum.
1070 2967 1169 3045 Nam

141 3101 262 3173 quum
290 3074 388 3153 illam
419 3076 659 3193 Anaxagorae
687 3076 867 3153 rationem
893 3080 939 3155 ad
974 3107 1167 3163 causarum

144 3190 422 3286 explicationem
433 3181 653 3281 adhiberem,
676 3192 729 3267 nil
751 3182 994 3307 reperiebam,
1013 3199 1080 3275 nisi
1071 3199 1166 3274 hoc

148 3320 290 3392 unum,
313 3307 358 3380 de
379 3333 453 3408 quo
471 3337 611 3415 neque
617 3326 724 3388 antea
746 3294 1021 3407 dubitaverant,
1039 3344 1167 3397 rerum

144 3424 296 3497 effectus
314 3451 358 3498 ex
377 3427 554 3522 ejusmodi
578 3429 755 3529 proficisci
778 3433 906 3523 causis,
930 3463 1017 3535 quas
1031 3436 1167 3527 Divina
1194 3438 1199 3454 '

143 3564 248 3616 mens
267 3543 476 3621 animorum
493 3573 767 3652 corporumque,
778 3568 931 3629 naturae
949 3554 1135 3631 indidisset
1156 3585 1165 3631 ι

143 3686 341 3760 quaerero
365 3679 482 3738 esseut
502 3664 583 3741 illae
603 3694 747 3756 causae,
764 3695 857 3769 quae
874 3683 1009 3746 natura
1022 3686 1060 3746 et
1066 3666 1166 3749 actio

22 3868 30 3881 Ι
143 3802 293 3863 earum,
322 3779 401 3879 quis
433 3780 562 3857 modus
585 3786 848 3874 mutationum,
871 3786 943 3862 hoc
977 3815 1065 3863 vero
1099 3816 1166 3903 per

140 3893 423 3993 Anaxagoream
443 3899 631 3975 rationem
651 3929 729 3977 non
755 3901 1008 4037 intelligebam.
1037 3909 1169 4004 ltaque

38 4024 43 4041 ¹
141 4009 264 4085 relicta
292 4010 348 4086 illd
384 4015 532 4113 physicd
564 4017 835 4119 explicatione,
871 4021 992 4121 recepi
1024 4044 1084 4093 me
1113 4022 1163 4101 ad

77 4228 107 4243 ιι
140 4125 271 4209 rudem
302 4127 399 4230 vulgi
433 4130 707 4236 simplicitatem,
737 4135 788 4212 Et
823 4137 968 4226 videte,
999 4158 1165 4249 quaeso,
