2632 4994
513 340 641 438 (79)

509 447 514 455 η

58 494 173 566 breve
190 504 330 588 tempus
346 488 579 562 vitaemelius
590 487 791 586 transigere
804 497 954 593 possim,
972 514 1084 600 quam

60 613 101 683 in
121 607 433 707 contemplatione
454 605 600 693 mortis,
630 607 742 680 veluti
764 615 1086 710 peregrinationis,
1236 620 1255 683 ὃ

59 751 152 838 quae
165 725 255 797 mihi
265 725 330 799 sub
342 749 509 799 occasum
520 708 855 822 solis'ingredienda
867 747 930 806 est.
939 732 984 805 Et
999 760 1088 808 vero

56 843 196 914 'mirum
208 841 393 930 videatur,
407 839 493 939 quid
508 835 558 913 'sit
575 841 672 939 quod
690 841 730 914 iis
745 844 856 916 etiarn
870 847 1093 939 hominibus,
1179 873 1183 877 ⁷
1215 894 1220 905 ·

60 959 191 1058 quibus
204 972 361 1057 praestat
374 957 470 1030 mori
486 982 595 1058 quam
612 957 756 1046 vivere,
778 961 938 1037 nelesest
947 990 985 1037 se
998 965 1091 1065 ipsos

25 1118 33 1145 t
64 1075 134 1148 hoc
148 1075 294 1149 afficere
313 1073 510 1165 beneficio,
525 1073 750 1173 debeantque
774 1073 811 1146 hi
825 1074 936 1150 alium
949 1104 1095 1178 exspec·
1116 1134 1123 1159 .

59 1206 136 1265 tare
163 1191 446 1265 benefactorem.
466 1190 580 1290 Atqui
602 1192 709 1289 hujus
728 1191 814 1290 legis
832 1190 921 1266 dues
946 1200 1090 1294 reperio

60 1333 136 1378 esse
159 1307 327 1381 rationes.
351 1306 475 1381 Altera
498 1321 552 1380 est
572 1306 761 1380 recondita
785 1323 820 1380 et
848 1332 894 1381 ex
912 1302 1088 1391 interiore
1118 1314 1139 1394 J

49 1421 250 1511 doctrine,
279 1425 368 1499 haec
402 1423 598 1510 nimirum,
626 1423 797 1499 homines
824 1423 979 1500 inclusos
1011 1455 1087 1504 esse
1169 1494 1175 1516 ,

61 1539 101 1610 in
126 1565 282 1639 corpore
301 1555 486 1641 tamqnam
506 1541 545 1614 in
569 1562 736 1626 carcere,
764 1556 809 1614 ex
833 1567 906 1641 quo
925 1543 1088 1644 effugere

61 1654 139 1728 non
168 1658 275 1730 liceat
304 1682 428 1757 :quae
459 1654 608 1757 quidem
637 1657 733 1731 ratio
766 1673 805 1731 et
829 1658 1007 1735 difficilior
1033 1677 1089 1737 est

66 1772 283 1861 intellectu,
317 1789 355 1846 et
394 1773 497 1849 latius
518 1789 639 1873 petet,
668 1798 780 1872 quam
811 1801 903 1873 quae
927 1777 966 1848 in
989 1802 1090 1877 prae·
1191 1844 1198 1861 ,

60 1891 265 1964 sentiarum
291 1889 481 1989 disceptari
510 1904 630 1989 queat.
656 1891 786 1964 Altera
802 1908 867 1985 ¹est
886 1893 977 1965 ratio
998 1894 1085 1967 faci·
1150 1914 1153 1920 ·

60 2006 130 2079 lior
160 2007 351 2079 intellectu
382 2004 420 2080 et
440 2005 750 2079 accommodatior
779 2006 825 2076 ad
850 2031 1086 2084 communem

60 2104 433 2210 hominumsensrim3
453 2145 612 2218 nempe,
631 2145 706 2192 esse
720 2119 906 2219 quoddam
922 2122 1086 2201 divinum

38 2267 222 2326 -numen,
246 2238 343 2339 quod
366 2240 507 2337 generis
531 2237 682 2310 humani
703 2260 827 2309 curam
847 2253 884 2310 et
904 2241 1003 2337 quasi
1024 2226 1107 2316 tu.'

60 2357 170 2431 telam
199 2371 323 2455 gerat,
351 2358 501 2455 ejusque
528 2352 687 2428 numinis
708 2355 872 2430 homines
901 2358 1087 2437 ministros

39 2492 240 2565 ¹etservos
265 2499 352 2547 esse.
376 2475 524 2570 Quare,
546 2476 587 2545 ut
601 2498 669 2545 nos
694 2473 845 2547 moleste
872 2461 1026 2551 felamus
1051 2492 1089 2551 et

62 2589 280 2692 puniamus,
303 2588 426 2690 quoad
443 2590 523 2685 ejus
543 2589 621 2661 fieri
634 2598 769 2687 petest,
783 2613 949 2677 servum,
969 2595 1030 2691 qui
1049 2620 1088 2667 se

63 2709 140 2808 ipse
159 2708 365 2782 interficere
386 2705 472 2780 velit
496 2734 503 2775 :
533 2706 581 2777 ita
602 2704 772 2776 credibile
792 2718 863 2791 est,
885 2705 1006 2779 Deum
1026 2707 1088 2782 do·
1195 2702 1202 2715 ’

61 2827 207 2901 minum
227 2841 399 2899 nostrum
425 2825 546 2909 nolle,
568 2835 606 2894 ut
629 2847 718 2905 nos,
740 2820 803 2919 qui
831 2820 864 2892 ei
881 2824 1087 2912 servimus,
1178 2813 1183 2833 ⁸
1291 2882 1297 2891 .

63 2945 205 3040 injussu
227 2942 306 3040 eju‘s
325 2968 372 3016 ex
395 2945 463 3017 bac
480 2941 551 3014 vital
566 2955 608 3011 et
629 2922 832 3012 ministerio
851 2939 1088 3018 discedamus.

15 3092 18 3097 ·
64 3062 222 3157 Atque,
253 3072 291 3130 ut
322 3082 402 3130 non
433 3057 500 3155 ipsi
522 3071 648 3133 nostro
669 3054 806 3151 judicio
829 3055 1089 3160 voluntateque

65 3178 270 3261 nascimur,
299 3175 350 3249 ita
378 3200 497 3274 neque
520 3171 724 3247 abeundum
748 3189 799 3247 est
827 3175 933 3249 nobis
951 3201 997 3250 ex
1017 3178 1089 3252 vita

65 3308 192 3368 nostro
221 3291 355 3389 judicio
383 3293 659 3390 voluntateque,
687 3289 752 3364 sed
777 3294 1089 3392 exspectandum,
1159 3375 1161 3380 ,

68 3410 188 3482 donec
213 3408 289 3508 ipse
315 3434 383 3482 nos
408 3408 536 3482 liberet
555 3408 675 3510 Deus,
705 3423 740 3482 et
758 3407 916 3484 abeundi
933 3413 1090 3486 necessi-

67 3541 180 3598 tatem
215 3524 319 3598 nobis
344 3524 543 3614 immittat,
578 3526 687 3599 veluti
719 3551 822 3613 eam,
851 3549 959 3623 quem
993 3538 1091 3600 nuu⁴c

69 3641 160 3715 mibi
181 3641 343 3716 immisit.

119 3759 219 3830 Tum
246 3759 383 3844 Cebes,
408 3759 509 3831 Haec
531 3759 559 3829 si
573 3781 661 3828 vera
682 3767 789 3839 sunt,
818 3753 958 3854 inquit,
975 3783 997 3828 ο
1022 3758 1094 3830 So·

72 3892 211 3960 creteS,
235 3873 417 3972 sequitur,
447 3875 571 3945 stultos
597 3896 710 3968 aequo
740 3869 862 3942 animo
885 3872 1001 3959 morl,
1036 3904 1095 3949 sa-

70 3993 210 4090 pientes
225 3990 361 4089 iniqu'o.
385 3986 522 4082 Quidni
548 3987 648 4059 enim
670 3988 820 4061 stultum
840 3987 883 4060 sit
900 4015 945 4063 ex
963 4017 1008 4065 eo
1027 3993 1096 4066 dis-

38 4108 48 4127 “
75 4105 320 4196 eedereloeo,
339 4107 400 4182 ubi
412 4106 590 4206 optimum
608 4104 800 4180 dominum
820 4104 949 4183 habeas
961 4109 1100 4204 Deum,
