2632 4994
489 478 493 485 .
610 410 743 500 (34)

165 563 302 637 talitate
327 559 565 661 explicanda
555 584 593 633 m
614 557 756 632 diversa
779 557 1029 635 discesserunt.
1049 564 1186 661 -·Pytha

164 702 271 776 goras
295 679 455 750 animum
477 676 572 749 dixit
596 700 673 750 esse
702 700 917 784 numerum„
940 677 1012 778 qui
1037 702 1078 749 sc
1109 681 1188 792 alate

163 813 306 870 moreat.
330 796 380 868 Et
404 792 616 868 incredibile
642 793 741 867 dictu
768 782 823 868 est
837 811 966 896 ‚quot
996 820 1186 896 quamque

162 914 259 985 varie
280 938 318 984 se
343 894 519 985 torserint
536 912 707 986 homines
727 895 892 987 eruditi
883 938 922 986 ιιι
947 914 1018 986 hoc
1039 908 1185 1011 Pytha

159 1054 267 1126 gorae
296 1054 455 1107 numero
480 1029 767 1162 interpreqando
791 1029 925 1104 Sed
885 1031 1063 1104 nimirum
1089 1056 1186 1104 con-

157 1160 230 1219 stat
258 1161 426 1220 veterum
458 1149 678 1247 scriptorum
707 1147 949 1233 auctoritate,
984 1170 1183 1224 numerum

143 1254 286 1347 ¹illuni,
317 1288 390 1362 quo
416 1265 560 1338 animus
591 1263 733 1362 etipse
762 1264 864 1338 Deus
892 1263 1181 1362 significaretur,
1227 1350 1229 1357 Ι

156 1378 263 1454 luisse
286 1390 402 1452 unum
426 1381 670 1479 eumdemque
697 1408 705 1451 :
732 1394 767 1453 et
797 1407 882 1457 eam
905 1406 984 1455 esse
1007 1380 1088 1477 ejus
1114 1400 1181 1454 na·—

133 1504 138 1521 ⁴
156 1511 295 1583 turam,
312 1508 350 1567 ut
374 1494 607 1567 contineatur
623 1509 761 1579 mente,
784 1521 878 1593 quae
900 1497 948 1568 ab
966 1498 1072 1597 omni
1095 1522 1181 1571 cor-

157 1618 272 1707 porea
291 1609 525 1684 concretione
558 1624 701 1683 remota
728 1626 829 1683 esset.
855 1613 947 1683 Nam
976 1639 1092 1711 quum
1123 1608 1184 1688 alii
1212 1629 1226 1661 ·’

155 1740 264 1801 antea
286 1724 492 1824 philosophi
517 1724 639 1807 Deum
657 1740 764 1825 atque
792 1726 958 1800 animum
976 1729 1033 1800 vel
1056 1729 1182 1828 ignem

154 1843 411 1942 appellassent,
426 1844 484 1917 vel
503 1855 636 1932 aerem,
651 1844 711 1916 vel
730 1868 880 1945 aquam,
896 1845 954 1917 vel
966 1845 1064 1918 aliud
1083 1847 1182 1944 ejus*

95 1953 98 1967 '
157 1961 280 2052 modi;
295 1958 519 2061 Pythagoras
535 1960 730 2036 arbitratus
751 1978 819 2050 est,
838 1965 903 2036 hoa
917 1962 1015 2037 viros
1027 1981 1182 2062 'praeter

129 2135 132 2142 .
155 2079 374 2153 sententiam
388 2072 489 2152 suam
501 2079 696 2153 nominum
707 2080 940 2178 ambiguitate
953 2078 1071 2180 lapsoe
1084 2072 1177 2170 essai

123 2282 125 2287 η
154 2182 384 2295 nequeuntis
412 2197 573 2282 cavisse,
592 2194 637 2270 'ut
660 2194 707 2269 ab
732 2194 845 2271 animi
870 2223 913 2271 ac
937 2187 1008 2270 Dei
1025 2201 1192 2274 'notione

155 2310 388 2384 informanda
401 2312 521 2383 omnis
539 2336 714 2421 corporea
726 2314 846 2411 imago
861 2329 967 2412 atque
984 2317 1178 2414 appellatio
1227 2385 1229 2390 ,

105 2478 107 2483 ·
152 2425 407 2527 prohiberetur
428 2453 470 2499 ac
495 2427 867 2502 circumscriberetur.
881 2429 997 2524 Igitur
1014 2435 1090 2530 ipse
1111 2456 1178 2507 nto·

48 2605 53 2617 ,
152 2543 248 2616 meri
269 2542 483 2617 vocabulum
505 2543 714 2644 usurpavit,
740 2543 874 2642 quippe
900 2544 958 2615 cui
979 2549 1176 2631 minimum

153 2685 349 2761 corporeae
375 2659 538 2763 imaginis
560 2663 775 2736 inhaereret.
806 2662 854 2735 Et
876 2685 1004 2743 rerum
1022 2668 1176 2764 quidem

153 2779 239 2853 duas
264 2803 386 2853 causas
410 2808 487 2854 esse
509 2779 703 2868 statuebat,
736 2780 902 2863 alteram-
923 2777 1179 2874 efficientem·;·

150 2928 263 3004 quam
286 2913 388 2984 μινίιι
409 2927 471 2974 seu
487 2902 658 2972 unitatem
679 2894 855 2968 vocabat:
872 2894 1018 2967 atteram
1032 2899 1174 2996 patien-

134 3008 227 3096 ¹tem
251 3049 313 3095 seu
331 3017 532 3098 materiam,
549 3036 662 3114 ‘quam
679 3025 765 3084 taeta
786 3011 807 3084 i.
829 3036 858 3084 e.
879 3013 1089 3089 dualitatem
1106 3044 1173 3090 no-

147 3139 319 3210 minabat.
351 3133 479 3204 onitas
508 3128 548 3200 ei·
568 3129 650 3204 lons
673 3144 752 3202 erat
780 3129 899 3204 omnis
924 3131 1003 3204 teri
1024 3191 1036 3222 ‚
1059 3132 1173 3224 boni‚.
1215 3210 1218 3217 ,

145 3251 289 3353 pulchri·
309 3276 318 3318 :
343 3248 431 3318 haec
455 3262 706 3323 eratmensac
725 3249 825 3321 Deus
851 3277 859 3319 ε
887 3263 993 3347 atque
1012 3277 1057 3323 ex
1074 3250 1163 3351 ipsa,

144 3364 464 3465 tamquamfonte,
479 3366 623 3438 haustos
640 3388 715 3438 esse
734 3362 876 3438 volebat
892 3364 1083 3442 hominum
1094 3371 1170 3440 ania
1225 3402 1229 3415 ·

143 3509 223 3562 moa
242 3497 285 3557 et·
295 3479 453 3581 reliquas
468 3495 617 3554 naturas
633 3479 830 3578 cogitantes
844 3507 952 3581 :quas
970 3476 1168 3582 propterea

141 3600 311 3677 unitatis
315 3624 391 3676 ease
403 3598 602 3700 participes.
616 3596 665 3671 Et
683 3599 962 3673 verohactenus
979 3625 1058 3673 non
1071 3602 1165 3674 male

120 3720 373 3844 Pythagorae
403 3738 488 3803 curn
504 3718 653 3791 Thalete
673 3718 878 3793 convenit.
895 3718 1107 3824 praesertim
1132 3720 1163 3792 si

120 3813 219 3938 quis
241 3837 423 3912 Lactantii
448 3834 792 3935 interpretationem
808 3838 956 3934 probet,
979 3862 1090 3936 quam
1104 3835 1167 3906 alii

138 3982 282 4057 quoque
299 3969 514 4056 sequuntur,
529 3955 590 4054 qui
611 3955 683 4028 ait:
709 3984 728 4019 a
748 3955 986 4055 Pythagoras
1001 3956 1055 4025 tta
1074 3946 1161 4046 αἰβὲ

137 4076 251 4161 nivii,
287 4076 375 4176 quid
409 4088 506 4144 esset
535 4076 643 4145 Deus.
684 4074 840 4148 Animus
867 4098 935 4168 per
969 4070 1158 4141 ιιιιιίιιιιι

35 4208 45 4230 ’
136 4190 263 4261 mandi
283 4206 409 4293 partes
440 4213 646 4288 omnemque
678 4203 848 4261 naturam
877 4210 1081 4260 commeans
1110 4211 1156 4259 αι
1205 4184 1214 4204 ‘
