2632 4994
508 377 641 476 (77)

65 560 114 608 ex
138 530 313 607 discordia
332 528 371 602 in
384 529 615 604 concordiam
636 527 820 628 redigere3
841 532 950 634 igitur
966 552 1083 633 extro

62 652 203 725 mileses
230 651 464 723 connexuisse
481 665 516 721 et
532 676 553 721 a
573 646 762 739 cdrnmuni
783 655 921 726 vertice
939 668 1084 755 suspen-

60 766 173 854 disse,
207 783 246 840 ut
269 769 297 841 si
320 768 399 867 quis
417 766 573 839 alterum
602 767 832 864 arripuisset,
862 772 893 843 is
922 774 1080 846 alterum

61 892 206 984 quoque
227 883 428 956 necessario
446 882 765 989 traheretsVeluti
788 909 873 981 ego,
889 889 951 985 qui
969 887 1083 961 modo

21 1040 27 1053 r
63 1027 109 1072 ex
129 1001 276 1074 vinculo
304 1024 386 1071 crus
418 996 602 1093 dolebam,
631 1021 736 1068 nunc
762 999 894 1072 solutus
912 1004 1083 1102 volupta-

60 1133 139 1190 tem
158 1115 334 1217 percipio.
350 1115 448 1187 Tum
469 1113 602 1201 Cebes,
629 1108 867 1213 Opportune,
892 1119 1026 1217 inquit,
1045 1123 1086 1196 in

29 1268 32 1277 =
60 1235 278 1306 memoriam
291 1231 385 1304 mihi
402 1256 551 1302 revocas
567 1230 753 1317 carmina,
773 1230 920 1341 quaein
938 1259 1084 1312 carcere

59 1347 201 1435 fecisti,
227 1364 308 1422 tum
330 1347 525 1446 Hymnnm
543 1349 584 1420 in
604 1347 811 1445 Apollinem
829 1405 836 1431 ‚
854 1364 933 1420 tum
950 1349 1085 1431 fabulas
1107 1401 1116 1426 κ

58 1467 223 1566 Aesopi,
244 1448 338 1566 ¹quas
363 1468 401 1538 in
425 1493 548 1539 versus
574 1465 761 1560 redegisti;
783 1490 869 1536 nam
892 1483 930 1557 et
952 1469 1031 1559 alii,
1051 1490 1086 1547 et

58 1583 228 1680 proxime
249 1583 399 1656 Euenus
417 1595 541 1680 poeta,
567 1607 612 1655 ex
628 1608 688 1655 me
705 1583 978 1680 quaesiverunt,
998 1591 1085 1688 quid

60 1714 175 1786 esset,
201 1698 299 1798 quod
323 1714 390 1788 tu,
417 1700 478 1797 qui
508 1724 712 1796 numquam
732 1713 837 1772 antea
863 1711 1012 1776 carmen
1035 1707 1085 1778 le·

60 1817 305 1906 cisses,nonc
324 1816 389 1888 sub
414 1819 534 1913 ipsum
568 1816 660 1888 vitae
693 1817 832 1889 exitum
855 1835 889 1892 te
917 1821 962 1892 ad
995 1823 1085 1897 illud

58 1933 217 2006 studium
235 1935 466 2024 contulisses;
487 1959 617 2036 quare,
636 1933 666 2005 si
685 1935 736 2006 vis
755 1962 813 2007 me
834 1936 967 2009 habere
985 1940 1084 2036 quod

58 2048 189 2120 Eueno
225 2050 502 2165 respondeamg
521 2074 608 2118 nam
642 2073 727 2117 eum
770 2051 1085 2145 interrogaturum

34 2176 159 2238 ‘certo
182 2167 256 2237 scio
274 2221 282 2250 ,
300 2189 386 2261 age,
408 2188 591 2261 exponam
615 2187 768 2235 oausam.
787 2164 856 2235 Dic
876 2166 1005 2262 igitur,
1023 2171 1082 2241 in-

56 2281 134 2380 quit
157 2282 349 2365 Socrates,
377 2278 506 2352 Eueno
525 2336 533 2365 ,
554 2305 613 2350 me
647 2305 724 2351 non
758 2306 801 2352 eo
827 2283 978 2357 consilio
1001 2314 1083 2360 ver-

56 2425 116 2470 sus
141 2398 284 2483 fecisse,
309 2412 345 2469 ut
368 2399 447 2494 ejus
478 2397 622 2496 laudem
653 2398 832 2494 po‘e'ticam
858 2403 1080 2496 aemularer,

55 2515 121 2586 sed
148 2530 189 2586 ut
213 2515 392 2587 solverem
417 2537 476 2585 me
501 2511 674 2611 religione
696 2514 841 2590 somnii.
871 2517 967 2592 Nam
996 2547 1080 2597 cum

57 2633 97 2704 in
110 2629 349 2703 antecedente
367 2629 462 2713 vita,
482 2645 561 2700 tum
578 2645 813 2726 posteaquam
837 2633 875 2701 in
895 2659 1080 2708 carcerem

55 2747 154 2832 reni,
172 2745 309 2844 saepius
335 2745 425 2817 mihi
438 2741 567 2839 obtigit
592 2743 768 2835 ejusmodi
788 2746 990 2834 somnium,
1005 2778 1079 2848 quo

55 2863 111 2936 his
135 2862 253 2936 verbis
273 2860 501 2959 appellarer,
522 2858 553 2929 0
579 2858 768 2941 Socrates,
796 2856 864 2947 fac
894 2877 931 2932 et
963 2880 1082 2938 tracta

54 2980 229 3052 musicam
244 2982 259 3047 l
288 3002 354 3074 ego
376 2974 572 3047 arbitrabar
596 2975 645 3046 ita
675 3000 735 3045 me
753 2973 882 3045 somnii
901 2978 998 3073 jussu
1017 2983 1080 3054 ob-

51 3106 359 3192 temperaturum,
381 3090 410 3160 si
430 3089 693 3186 philosophiam
712 3104 926 3180 tractarem3
948 3099 1080 3199 quippe

10 3302 14 3313 Ι
54 3237 149 3312 quae
187 3224 275 3280 esset
307 3206 481 3281 maxima·
505 3204 878 3307 praestantissimaque
927 3217 1079 3292 musica.

55 3331 187 3408 Nunc,
209 3352 320 3423 quum
340 3350 405 3421 per
427 3323 559 3395 festum
580 3322 765 3395 Deliacum
789 3329 968 3403 terminus
984 3359 1081 3407 mor-

54 3446 100 3518 tis
117 3443 205 3516 mihi
219 3440 503 3540 produceretur,
526 3466 603 3512 non
622 3440 766 3525 inveni,
784 3449 969 3541 quomodo
981 3452 1082 3523 hanc

52 3562 229 3658 temporis
259 3585 400 3634 usurum
425 3557 551 3633 melius¹
572 3557 813 3642 collocarem,
837 3562 907 3630 nisi
928 3563 967 3630 in
984 3589 1080 3638 com-

54 3679 234 3778 ponendis
257 3675 496 3763 carminibus;
527 3691 589 3760 ut,
619 3677 648 3744 si
669 3674 762 3744 forte
787 3673 968 3748 somnium
994 3677 1080 3752 divi-

55 3796 155 3867 nitus
183 3793 302 3864 luisset
322 3793 494 3875 missum,
515 3805 550 3859 et
570 3792 664 3858 hanc
689 3786 908 3860 sententiam
930 3792 1079 3868 habuis·
1114 3833 1129 3849 -·

56 3928 128 3996 set,
150 3937 195 3983 ne
218 3909 263 3982 ad
288 3907 422 3979 inferos
439 3905 597 3988 abirem,
623 3901 689 3971 nisi
718 3904 787 3973 hac
813 3906 987 4002 religione
1013 3941 1077 3985 s0.

56 4031 154 4101 lutus
189 4045 224 4100 et
258 4027 370 4098 libero
406 4020 541 4094 animo
580 4019 664 4090 Feci
699 4045 785 4116 ergo
812 4022 993 4119 hymnum
1040 4035 1078 4106 in

58 4143 203 4228 laudem
215 4142 410 4245 Apollinis,
428 4142 532 4239 cujus
545 4163 645 4217 nunc
658 4138 792 4227 festum
804 4143 931 4240 agitur:
947 4146 1076 4245 deinde
