2632 4994
605 363 734 461 (49)

156 515 361 600 siluerunt,
385 526 612 586 mortuorum
640 514 776 598 instar,
803 514 915 613 nigris
942 517 1094 594 vestibus
1119 520 1178 596 in-

155 631 250 720 duti,
278 644 315 703 et
343 627 558 704 circumdati
577 629 694 727 capita
711 628 817 701 larvis
840 629 878 704 in
909 637 1068 732 speciem
1096 664 1178 713 cras

151 748 304 821 niorum
329 746 480 835 effictis;
507 762 541 819 et
566 746 737 819 continuo
758 746 898 819 circum
928 776 1012 822 eum
1043 754 1180 830 crebris

152 862 297 938 saltibus
326 863 579 962 tripudiarunt.
610 864 663 934 At
698 861 924 936 Democritus
950 890 998 938 ne
1025 870 1180 967 respexit

151 978 303 1079 qpidem
325 981 370 1052 ad
389 1007 473 1065 eos,
501 978 563 1053 sed
583 977 684 1052 inter
702 978 951 1067 scribendum,
978 983 1048 1056 boc
1064 1012 1181 1063 unum

151 1095 267 1187 dixit,
291 1095 459 1170 Desinite
481 1096 625 1168 tandem
650 1096 792 1182 ludere,
823 1097 846 1165 d
865 1098 993 1190 pueri!
1019 1101 1089 1172 Sed
1107 1102 1179 1176 hoe

149 1239 264 1313 quum
285 1211 565 1312 percrebuisset
596 1209 789 1310 impietatis
805 1209 1015 1310 opinionem
1039 1218 1072 1287 ei
1091 1243 1178 1291 con-

149 1328 286 1401 ciliavit
321 1328 415 1428 apud
443 1328 635 1428 imperitos
670 1326 886 1413 Abderitas,
905 1327 976 1451 qui
1002 1330 1177 1441 putabant

148 1443 228 1516 fieri
248 1471 327 1518 non
346 1468 468 1544 posse,
499 1444 650 1544 quin,
604 1443 632 1516 is
679 1441 739 1543 qui
762 1456 905 1541 spectra
925 1455 1093 1539 negaret,
1113 1474 1177 1523 re-

148 1559 324 1659 ligionem
348 1561 456 1634 etiam
479 1562 643 1634 Deorum
666 1558 926 1632 immortaiium
947 1561 1099 1637 tolleret.
1124 1568 1177 1638 At

146 1678 236 1750 'vero
251 1676 327 1778 ipse
346 1677 580 1752 Democritus
596 1677 736 1775 optimd
755 1691 835 1749 erat
852 1692 914 1764 ,et
928 1676 1001 1750 leni
1015 1692 1050 1751 et
1062 1679 1174 1755 bene·

145 1795 220 1868 fica·
232 1798 271 1867 in
294 1793 379 1869 alios
399 1793 567 1868 homines
586 1792 706 1867 indole
730 1823 739 1867 z
768 1819 886 1893 neque
903 1794 1080 1869 Divinum
1096 1799 1172 1871 Nu·
1200 1882 1208 1901 Ι

144 1937 232 1988 men
253 1938 299 1986 ex
318 1914 449 1985 naturd
468 1911 619 1997 sustulit,
645 1922 864 2010 quamquam
884 1910 917 1980 ei
932 1898 1010 1984 non
1032 1925 1172 1988 tantam

145 2028 242 2115 vim,
260 2044 433 2126 quantam
449 2028 684 2125 Pythagoras,
698 2027 832 2096 Thales
854 2025 1002 2122 aliique,
1021 2027 1170 2100 tribuit:

145 2143 210 2217 sed
242 2159 367 2216 tamen
395 2145 517 2216 Deum
548 2141 638 2213 dixit
664 2165 763 2224 esse,
795 2153 946 2209 mentem
986 2143 1181 2238 quandam·

144 2259 307 2356 igneam,
326 2283 419 2359 quae
438 2270 546 2330 totum
569 2256 751 2330 anr‘rnaret
768 2255 954 2341 mundum,
951 2283 958 2299 ·
972 2270 1009 2328 ut
1026 2281 1070 2329 ex
1082 2258 1167 2332 Plu·

144 2377 275 2449 tancbo
298 2391 336 2447 et
355 2373 493 2472 Cyrillo
515 2373 626 2453 Alex.
633 2386 788 2485 constat.

192 2495 266 2566 Nos
291 2490 460 2592 quidem,
486 2491 532 2566 A.
567 2468 711 2597 11.ῃίιῖ
719 2484 942 2596 Democrito
969 2488 1065 2564 banc
1090 2491 1165 2567 lec·

141 2611 281 2719 tionem
294 2611 471 2687 finiamus.
481 2609 652 2687 Proxime
662 2611 817 2687 lectione
829 2605 1055 2709 sequentium
1065 2609 1164 2685 dem

137 2742 227 2829 seps
245 2727 563 2829 phiosopborum,
583 2753 717 2827 usque
710 2712 763 2801 ad
781 2725 990 2815 Platonem,
1010 2720 1162 2799 senteri-

138 2845 209 2921 tios
238 2871 471 2946 exponemus
735 2867 740 2873 '
