2632 4994
661 401 791 492 (68)

119 631 123 642 ‚
212 549 397 621 Socratem
426 548 506 621 dico
529 547 792 622 Atheniensem.
812 545 910 617 Et
878 571 955 642 ejus
973 546 1124 677 quidem'
1140 546 1238 636 vita,

211 670 355 751 moret,
378 664 557 750 instituta,
582 661 787 761 disciplina,
816 645 919 735 adeo
932 678 1016 736 sunt
1038 663 1092 734 in
1105 665 1233 762 vulgus

211 782 408 866 celebrata,
435 794 475 850 ut
505 779 534 850 si
558 779 713 854 verbum
744 777 846 850 de
824 804 865 851 us
899 780 1052 866 addam,
1077 781 1231 868 vestris,

207 902 256 972 A.
280 899 325 969 Η.
344 953 352 978 ,
373 893 525 992 ingeniis
549 895 723 991 injuriam
745 893 862 968 facere
885 890 1018 970 videar.
1040 901 1161 993 Quare
1184 896 1234 969 de

207 1016 274 1099 hac
300 1015 373 1083 und
397 1027 503 1109 parte
518 1012 732 1100 uideamus,
756 1038 847 1112 quae
876 1013 922 1085 ad
940 1016 1143 1086 animorum
1163 1012 1233 1085 im-

205 1128 461 1201 mortalitatem
493 1129 656 1225 pertinet.
679 1170 725 1185 -
750 1131 873 1224 Quum
895 1129 1114 1228 philosophi,
1140 1155 1231 1227 quos

203 1247 388 1342 bucusque
401 1246 785 1331 commemoravimus,
801 1245 962 1346 plerique
975 1273 1103 1320 omnes
1116 1245 1229 1318 studia

203 1389 266 1435 sua
294 1363 350 1436 vel
379 1361 537 1435 maxime
569 1362 624 1434 vel
651 1364 758 1435 unice
785 1363 983 1459 posuissent
1007 1364 1046 1435 in
1079 1362 1230 1460 physica

203 1495 305 1578 parte
328 1497 363 1553 et
388 1503 511 1550 rerum
533 1477 739 1550 abditarum
759 1477 1004 1573 indagatione3
1021 1496 1058 1550 ut
1079 1480 1124 1550 de
1141 1479 1231 1551 suni·

202 1599 300 1668 versi
331 1599 460 1667 natura
491 1609 732 1691 quaererent,
764 1599 835 1690 qud
859 1593 896 1665 vi
926 1594 1125 1691 quibusque
1152 1585 1231 1667 eless

199 1711 334 1783 mentis
350 1689 527 1781 constaret
538 1707 688 1807 ,quibus
704 1708 816 1780 causis
832 1733 1087 1807 corporearum
1101 1736 1228 1783 rerum

140 1878 142 1885 >
188 1842 324 1920 *motus
342 1824 628 1924 mutationesque
650 1826 927 1923 perficerentur;
954 1826 1119 1898 Socrates
1143 1828 1227 1924 phi·

129 1980 132 1985 ·
199 1924 404 2044 losophiaui
410 1943 592 2016 revocavit
604 1941 648 2016 ad
662 1944 836 2016 moralem
848 1959 991 2040 partem
1006 1969 1044 2028 ‚a
1060 1960 1224 2017 contem-

200 2058 361 2156 platione
372 2058 420 2131 ¹ad
431 2059 651 2144 actionem,a
662 2084 786 2130 rerum
800 2053 1022 2132 occultarum
1034 2084 1225 2132 vanarum-

67 2191 70 2200 '
135 2229 140 2243 .
200 2203 272 2275 que
285 2175 517 2273 indagatione
530 2176 573 2247 ad
591 2176 837 2270 cognitionem
849 2203 969 2252 rerum
983 2177 1227 2250 humanarum

200 2309 238 2366 et
259 2291 625 2375 necessariarum,et,
640 2307 681 2362 ut
698 2293 810 2364 verbo
825 2292 941 2364 dicam
956 2293 1224 2379 ,ascientiaad
1257 2354 1262 2365 ,

199 2407 390 2476 virtu-tem
411 2406 538 2501 Neque
562 2406 670 2477 etiam
691 2407 734 2477 ad
754 2407 940 2504 discipulos
969 2422 1156 2507 tamquam
1178 2434 1225 2482 ex

92 2512 95 2517 ¹
198 2500 343 2619 tripode
371 2521 662 2650 pronunciabat,
693 2521 754 2591 sed
791 2523 1032 2617 communiter
1056 2552 1147 2596 cum
1181 2526 1225 2598 iis

197 2637 395 2737 quaerebat
422 2636 466 2707 de
492 2636 596 2708 omni
629 2636 765 2707 virtute
786 2611 1003 2734 officioque,
1030 2640 1126 2736 quod
1158 2667 1223 2711 va·
1278 2675 1288 2689 =

96 2776 104 2795 ·
197 2756 289 2829 leret
313 2753 357 2826 ad
386 2778 464 2827 rem
489 2742 544 2861 vel
568 2752 775 2851 publicam,
797 2755 851 2824 vel
877 2753 1132 2844 domesticam,
1163 2761 1221 2830 vel

198 2873 362 2958 civilem,
382 2871 437 2942 vel
447 2871 629 2957 bellicam,
656 2887 690 2943 et
710 2896 857 2943 omnem
879 2871 1033 2945 omnino
1048 2872 1138 2945 vitae
1156 2875 1222 2946 hu·
1290 2880 1293 2905 '

196 3016 330 3068 manae
343 3004 484 3087 partem
499 2987 590 3059 bene
606 2987 871 3084 prudenterque
885 2988 1220 3071 administrandam.

196 3109 267 3180 Sed
282 3134 325 3179 ex
346 3130 481 3199 magno
504 3103 755 3200 discipulorum
776 3131 953 3194 numer0,
978 3106 1040 3205 qui
1060 3109 1218 3203 magistri

196 3223 294 3294 dicta
320 3221 486 3317 factaque
506 3221 645 3318 scripto
671 3223 951 3320 consignarunt,
982 3225 1054 3298 duo
1080 3225 1143 3296 soli
1173 3226 1217 3296 ad

166 3394 171 3423 ,
192 3341 287 3412 hanc
297 3336 455 3407 a'eta'tem
468 3337 597 3408 servati
611 3352 695 3409 sunt
708 3394 715 3420 ,
730 3338 838 3409 Pluto
854 3354 889 3409 et
902 3339 1109 3437 Xenophon.
1124 3341 1217 3412 Nam

131 3510 134 3519 ,
170 3457 258 3554 .qui
282 3452 445 3523 feruntur
472 3451 664 3524 Aeschinis
690 3451 819 3551 dialogi
845 3468 880 3525 et
908 3454 1046 3528 Cebetis
1071 3455 1216 3542 tabula,

194 3575 284 3674 quin
313 3570 400 3645 falso
423 3569 631 3644 nominibus
652 3569 799 3643 illorum
823 3572 1015 3644 hominum
1045 3554 1218 3670 inscripta

194 3680 286 3778 sint,
309 3687 465 3760 dubitari
494 3711 570 3759 non
602 3700 727 3784 potest.
753 3685 801 3758 Et
826 3687 931 3759 Plato
957 3686 1106 3785 quidem
1137 3686 1217 3760 ire-

193 3821 350 3906 quenter
374 3803 555 3873 Socratem
578 3802 623 3873 de
643 3801 684 3874 iis
707 3803 812 3876 rebus
837 3800 1077 3900 disputantem
1108 3804 1213 3892 facit,
1277 3800 1294 3891 ’-

194 3947 281 4021 quas
306 3923 381 4020 ipse
407 3919 573 3990 Socrates
596 3944 671 3990 non
693 3935 878 3992 tractasset
907 3919 1048 3992 :veluti
1081 3922 1120 3989 in
1147 3919 1214 3988 Ti-

194 4065 297 4110 maeo
322 4037 365 4108 de
383 4035 511 4111 llluudi
533 4050 632 4119 ortu,
660 4034 696 4104 in
728 4036 944 4107 Parmenide
966 4036 1010 4105 de
1031 4033 1139 4120 ldeis;
1176 4053 1213 4108 et

151 4214 155 4228 .
194 4155 343 4227 omuino
359 4153 447 4226 solet
471 4151 545 4237 lere
565 4148 665 4223 Plato
681 4149 745 4224 sub
761 4151 917 4224 Socratis
935 4153 1086 4249 personis
1106 4178 1210 4227 suam
1279 4146 1285 4155 ’

723 4367 735 4403 l
