2632 4994
605 394 785 490 (62),
885 444 893 461 ·

162 546 301 648 Neque
321 571 408 621 vero
427 559 503 628 est,
526 542 622 640 quod
637 544 706 616 hoc
721 544 800 616 loco
807 549 987 641 politicam
1006 533 1186 645 ejus'larra,

161 662 258 738 dem
283 661 521 749 celeb'remus;
547 658 592 732 de
618 659 848 760 plu'losophid
869 694 892 752 ,’
907 689 1018 762 quarn
1039 685 1189 754 secutus

162 778 463 877 ·est‚·prodamus.
484 778 577 851 Nam
598 803 644 850 ex
662 777 974 875 Pythagoreorum
999 780 1189 881 disciplind

158 894 305 994 prodiit
319 950 328 979 ‚
342 892 451 992 ¹quod
484 917 568 965 cum
597 892 750 992 aliorum
761 966 764 971 ,
775 896 986 981 testimoniis
1002 913 1157 991 ¹constat
1173 957 1186 990 ,

137 1000 139 1005 ’
169 1026 244 1082 tum
268 1020 312 1082 err
340 1009 449 1108 ipsius
470 1008 688 1095 carminibus
712 1011 901 1113 manifesto
921 1011 1057 1089 indicio
1082 1014 1185 1088 colli-

168 1125 277 1223 gitur.
303 1125 376 1198 Eae
397 1127 527 1227 quippe
550 1142 635 1202 sunt
658 1129 697 1200 in
720 1129 785 1217 iis,
807 1157 891 1235 curn
914 1128 957 1202 de
978 1130 1054 1205 aliis
1078 1132 1184 1206 rebus

167 1243 297 1317 divinis
315 1245 574 1346 humanisque,
597 1261 674 1321 turn
699 1243 745 1321 de
759 1246 977 1330 animorum
997 1247 1184 1322 immorta-

168 1361 269 1435 litate
293 1362 519 1449 sententiae3
546 1387 638 1460 quae
663 1388 741 1436 non
775 1364 845 1437 nisi
870 1391 923 1439 ex
953 1351 1203 1479 Pythagoreo¹

137 1480 270 1553 'fonte
305 1501 456 1551 manare
483 1477 679 1571 potuerint
703 1481 837 1552 Nemo
847 1480 950 1552 facile
975 1496 1049 1552 tam
1079 1497 1130 1554 est
1142 1507 1182 1571 a

167 1595 280 1666 literis
301 1608 337 1667 et
352 1589 578 1676 humanitate
593 1605 756 1685 remotus
771 1593 886 1689 ,quin
903 1593 1002 1666 illam
1019 1594 1181 1671 nobilem

142 1707 304 1780 'slloratii
320 1707 413 1779 oden
433 1705 477 1777 de
491 1704 705 1779 excellentia
730 1706 900 1780 carminis
933 1707 1119 1780 Pindarici
1132 1710 1182 1783 le·

35 1821 39 1828 ’
150 1824 257 1922 ’gerit
281 1846 290 1887 t
314 1822 399 1897 illud
420 1846 629 1921 nonaeque
647 1808 963 1927 animadvertitur,
984 1823 1180 1899 Horatium

148 1942 352 2041 ‘diligenter
374 1957 534 2041 quatuor
549 1939 712 2028 diversa,
737 1966 851 2040 eaque
876 1942 1066 2041 praecipua
1088 1943 1184 2047 Pin-¹

158 2059 240 2136 dari
264 2084 375 2163 opera
394 2059 605 2183 significare.
624 2059 768 2133 Horum
783 2085 900 2133 unum
919 2059 1029 2157 idque
1050 2058 1176 2157 deper·
1192 2104 1201 2125 .

43 2194 81 2218 ’“
155 2179 302 2265 ditum,
330 2152 582 2307 continebatur
608 2178 697 2250 utras
718 2201 780 2249 seu
814 2173 1035 2250 carminibus
1064 2175 1171 2248 func-

94 2333 97 2341 ·
163 2293 305 2376 bribns,
327 2290 454 2388 quibus
479 2303 583 2388 poeta
608 2308 776 2390 cognatos
800 2293 1058 2366 defunctorum
1087 2319 1174 2368 con·

124 2408 127 2475 ζ
160 2407 293 2480 solatus
309 2421 389 2479 est.
406 2422 438 2478 et
464 2405 509 2478 de
535 2405 597 2478 illo
624 2409 718 2481 valet
741 2409 936 2481 Horatiana
959 2412 1144 2508 strophe:

237 2557 350 2617 Flebili
367 2548 495 2636 sponsae
515 2565 696 2635 juvenemne
718 2568 839 2634 raptum
931 2580 933 2584 ⁴

237 2656 366 2725 Plorat,
387 2668 416 2714 et
433 2659 512 2715 vires
528 2658 723 2735 animumque
744 2661 900 2736 'moresque

172 2774 177 2783 ·
236 2755 356 2814 Aureus
376 2752 477 2813 educit
496 2757 530 2811 irs
551 2764 636 2810 astra
644 2795 655 2822 ‚
675 2754 816 2834 nigroque

322 2856 326 2863 '
547 2851 671 2912 Invidet
688 2871 763 2911 orco.

144 3044 161 3089 .·
204 3008 283 3081 Hoc
295 2996 398 3106 igitur
418 3007 456 3078 in
473 3027 607 3102 opere,
630 3017 669 3076 ut
682 3029 727 3077 ex
744 3005 892 3079 Platone
908 3019 947 3078 et
970 2976 1169 3082 Plutarcho

78 3151 88 3160 ·
143 3139 313 3220 ἐοοιιεῐαι,
337 3120 486 3219 plurima
501 3117 545 3192 de
564 3118 770 3197 animorum
794 3121 1062 3196 immortalitate
1078 3149 1169 3222 pro-

99 3251 105 3271 ·
142 3236 243 3321 ‚didit
266 3234 454 3314 Pindarus.
486 3235 687 3309 Audiamus
710 3235 900 3343 Platonem
919 3237 970 3310 ·in
998 3232 1168 3339 dialogo,

153 3352 215 3453 qui
234 3353 344 3425 Meno
362 3349 575 3445 inscribitur.
592 3382 610 3414 «
624 3352 898 3440 Pronuncrisnt,
921 3352 1062 3459 inquit,
1081 3351 1168 3453 pol·

151 3487 228 3557 tae,
255 3495 314 3569 qur
310 3468 477 3569 quidem
495 3467 610 3541 ditias·
627 3483 730 3555 sunt,
745 3484 781 3541 et
798 3469 836 3541 ιἰι
859 3469 907 3542 tis
920 3496 1055 3571 quoque
1070 3472 1163 3546 Pin-

150 3587 285 3674 durus
304 3582 638 3659 animoslrominum
653 3611 733 3658 essa
749 3586 995 3675 immortales,
1012 3580 1166 3664 etmodd

151 3703 251 3778 abire
286 3728 335 3775 ex
360 3703 431 3780 lzac
459 3702 577 3791 terrd,
603 3703 697 3805 quod
724 3703 824 3801 vulgo
853 3703 949 3776 mori
975 3731 1165 3795 vocamus,
1192 3691 1197 3700 ¹

150 3826 252 3897 modo
274 3823 402 3896 iterum
422 3823 600 3897 redirem
625 3840 790 3907 terram,
806 3825 902 3922 quod
922 3824 1019 3899 nasci
1043 3827 1167 3920 appel

147 3940 269 4047 lamus
282 3965 509 4045 ,numquam
509 3965 589 4015 vero
603 3940 779 4014 interire:
792 3955 1022 4035 etpropterea
1037 3958 1165 4015 sancte

147 4071 310 4153 fusteque
329 4056 433 4131 vitam
452 4079 530 4128 essa
544 4053 749 4148 degendam.
769 4055 868 4124 Nam
888 4080 912 4125 a
929 4051 1055 4148 quibus
1069 4053 1164 4139 Pro-
1198 4072 1202 4085 ’

149 4172 293 4272 serpina
313 4196 449 4277 pueros
471 4169 642 4268 exegerit
651 4168 797 4276 antiqui
805 4168 967 4280 pcccati·
953 4225 964 4263 ,
990 4186 1085 4275 post
1092 4198 1162 4259 no:
