2632 4994
694 417 848 512 (1¹0)

256 576 431 655 tributum
449 571 506 649 iri.
529 569 699 644 Alterum
728 562 965 649 attributum,
989 589 1108 664 aquo
1136 546 1295 641 Divina⁸

255 668 487 794 providentia
521 697 726 783 spectatur,
752 682 962 755 continetur
996 681 1202 758 Veracitate
1237 696 1275 756 et

255 809 382 886 Studio
391 798 635 904 perfectionis.
658 799 752 869 Nam
773 797 892 886 Deus,
922 798 986 897 qui
1006 811 1059 871 est
1082 795 1164 869 fons
1188 823 1273 874 om·

252 926 354 999 niuni
374 924 572 1004 bonorum,
590 916 630 988 in
644 908 843 988 condendo
859 939 994 1014 genere
1013 917 1174 990 humano
1187 920 1271 988 don·

252 1038 366 1115 sitium
394 1049 534 1112 secutus
564 1046 617 1105 est
640 1028 890 1131 perfectionis,
920 1029 956 1104 id
982 1046 1057 1118 est,
1083 1029 1272 1108 hominem

251 1155 428 1243 creavit,
472 1165 516 1226 ut
555 1149 817 1250 perfectionem
861 1162 1157 1248 consequeretur.
1196 1148 1273 1225 sed

252 1272 428 1380 perfectio
455 1269 586 1372 posita
606 1285 662 1344 est
688 1271 730 1343 in
754 1270 905 1344 ueritate
933 1283 971 1342 et
995 1267 1153 1355 virtute,
1177 1294 1272 1368 qua·

253 1408 339 1469 rum
359 1403 526 1465 neutram
547 1386 789 1487 assequimur,
809 1384 981 1486 quamdiu
1006 1384 1172 1484 corporis
1185 1384 1271 1458 vin·

252 1510 338 1587 culis
361 1501 549 1582 constricti
560 1528 692 1576 sumus.
705 1504 821 1600 Igitur
842 1529 986 1577 necesse
1008 1518 1085 1592 est,
1106 1501 1271 1576 animum

252 1652 331 1702 non
354 1622 506 1696 interire
537 1606 620 1692 cum
647 1642 819 1717 corpore,
840 1620 902 1691 sed
931 1634 1014 1716 post
1039 1622 1134 1692 hanc
1158 1614 1270 1696 vitam

249 1741 400 1841 demum
422 1738 518 1810 vires
540 1733 720 1833 explicare
747 1757 845 1822 suas,
867 1748 905 1806 et
934 1732 980 1806 ad
1002 1732 1144 1817 virtutis
1170 1734 1270 1809 veri·

134 1870 137 1876 ’
159 1900 170 1923 .·
248 1855 407 1954 totisque
429 1854 541 1929 finem
559 1850 794 1926 contendere.
850 1880 852 1885 ’

266 1998 272 2013 ’
298 1972 479 2071 Quartum
502 1984 753 2068 argumentum
778 1992 823 2040 eo
843 1966 961 2055 valet,
982 1978 1026 2038 ut
1057 1964 1271 2041 ostendatur

250 2094 393 2170 animos
414 2088 605 2165 hominum
625 2100 707 2159 ante
731 2085 828 2157 hanc
850 2084 961 2189 ¹vitam
980 2083 1019 2154 in
1045 2081 1121 2156 alii's
1145 2108 1271 2185 corpo

193 2292 197 2301 ,
249 2211 348 2286 ribus
372 2209 494 2293 sitisse,
529 2217 567 2276 et
592 2204 807 2301 posthanc
838 2203 955 2278 vitam
978 2226 1102 2276 rursus
1133 2200 1172 2273 in
1201 2199 1268 2276 alia
1299 2272 1302 2277 .

245 2318 418 2399 ¹secedere
433 2343 598 2425 corpora.
611 2322 732 2417 Quam
746 2318 962 2391 sententiam
973 2342 1017 2390 ex
1033 2300 1268 2417 Pythagorica

249 2436 368 2514 schola
401 2434 549 2533 petitam
588 2434 694 2504 Plato·
724 2446 800 2505 n'on
831 2449 905 2505 tam
936 2446 1127 2532 poetarum
1157 2426 1267 2510 ruodo

249 2542 456 2638 eroinavit,
477 2570 588 2647 quam
607 2545 908 2645 philosophorum
930 2548 1070 2620 ratione
1088 2539 1198 2624 certis
1215 2576 1268 2625 ar·

248 2666 430 2770 gumentis
451 2662 668 2739 confirmare
693 2661 840 2737 studuit.
865 2663 965 2757 Quae
997 2665 1268 2766 quidemargu·

248 2801 373 2863 menta
399 2782 513 2856 tribus
537 2779 771 2854 continentur
791 2779 958 2881 partibus.
987 2781 1130 2856 Primae
1154 2786 1269 2882 partis

223 2941 226 2945 ¹
246 2906 338 2981 haec
361 2917 413 2977 est
442 2901 495 2974 uis
514 2925 555 2972 ac
573 2899 758 2973 sententia
782 2928 791 2973 ε
818 2896 955 2972 discere
985 2898 1040 2972 nii
1065 2897 1162 2974 aliud
1191 2926 1268 2975 esse

247 3022 317 3097 nisi
339 3017 543 3106 recordari,
570 3031 605 3090 et
627 3042 693 3115 per
712 3015 913 3117 disciplinas
935 3042 1014 3091 non
1033 3043 1146 3092 novas
1169 3006 1265 3094 ideas

126 3204 134 3217 ,
247 3137 549 3236 cogitationesque
584 3132 621 3204 in
658 3147 819 3206 mentem
851 3131 994 3222 inferri,
1031 3133 1093 3208 sed
1127 3150 1266 3210 veteres

246 3252 450 3328 instaurari.
476 3250 576 3321 Haec
601 3247 723 3347 opinio
746 3251 849 3324 latius
871 3277 893 3325 a
918 3252 1067 3325 Platone
1095 3252 1164 3326 alio
1185 3253 1264 3326 dia-

245 3370 356 3467 logo,
381 3365 438 3473 cui
465 3390 606 3439 nomen
636 3382 690 3439 est
713 3369 872 3455 Menon,
901 3369 1065 3468 explicita
1092 3385 1169 3443 erat
1196 3397 1204 3440 ε
1228 3384 1265 3444 et

154 3478 158 3486 ’
244 3484 353 3558 habet
384 3480 540 3556 omnino
566 3481 644 3579 plus
678 3482 926 3581 disputationis
955 3502 990 3560 et
1021 3486 1265 3561 verisimilitu-

166 3679 170 3693 ,
244 3600 354 3688 dinis,
381 3622 492 3698 quam
515 3595 661 3698 quidem
689 3598 810 3698 primo
840 3617 990 3701 apparet
1013 3601 1173 3693 ,obtutu3
1200 3602 1263 3678 in-

244 3718 345 3795 venit
363 3740 510 3815 quoque
524 3715 729 3790 recentiore
745 3732 859 3792 aetate
871 3719 1129 3793 celeberrimos
1148 3721 1263 3809 viros,

243 3835 306 3936 qui
331 3833 409 3931 ejus
435 3829 676 3928 patrocinium
700 3835 936 3934 susciperent.¹
955 3838 1070 3924 Nam,
1096 3837 1140 3911 de
1160 3835 1264 3913 fonte

241 3968 345 4052 atque
371 3947 472 4020 initio
501 3948 742 4046 cogitationis,
773 3951 866 4026 duae
890 3966 976 4041 sunt
1008 3976 1142 4050 eaeque
1170 3968 1265 4028 con'·

247 4068 383 4142 trariae
405 4064 703 4166 philosophorum
728 4069 923 4142 sententiae
948 4098 957 4142 ε
983 4069 1093 4141 attera
1120 4068 1264 4147 Aristo-

246 4183 384 4275 telisret
397 4181 558 4268 ,Lockii,
590 4181 654 4279 qui
682 4194 845 4254 statuunt
863 4178 1089 4276 ,cognitionis
1114 4181 1265 4264 initium

246 4295 404 4398 positum
417 4321 491 4372 esse
507 4297 544 4369 in
560 4293 739 4386 sensibus,
761 4319 827 4397 per
850 4320 942 4397 quos
958 4295 1119 4400 primum
1137 4326 1264 4393 rerum
