2632 4994
685 422 840 536 [(78)
942 422 997 550 Ἰ,

253 574 581 666 ¹animadvertens,
614 577 738 668 poetae
759 570 919 643 officium
950 597 1030 643 non
1055 570 1093 643 in
1117 567 1282 646 versibus

259 692 548 798 componendis,
573 688 634 760 sed
659 688 698 761 in
720 686 837 761 tabula
860 688 1080 761 invenienda
1103 688 1282 786 effingen-

260 814 378 912 daque
408 809 563 909 positum
588 831 683 893 esse,
709 820 819 904 atque
851 807 1076 903 intelligens,
1107 830 1167 878 me
1201 832 1288 911 non⁸

258 955 361 1026 posse
381 927 520 1024 fingere
546 921 701 1009 tabutas,
721 921 830 994 sumsi
853 921 1067 1025 Aesopicqs,
1093 948 1226 1022 easque
1246 923 1283 998 in

258 1042 421 1116 earmina
438 1040 573 1138 redegi.
591 1039 649 1110 Tu
668 1039 778 1140 igitur
786 1078 803 1127 ·,
822 1038 873 1111 mi
893 1040 1027 1125 Cebes,
1047 1055 1086 1112 et
1100 1039 1171 1112 hoc
1187 1038 1283 1112 dices

199 1162 205 1169 ’
265 1161 421 1246 Eveno,
446 1175 482 1232 et
506 1183 591 1231 eum
612 1157 702 1231 meis
725 1159 843 1232 verbis
867 1158 1078 1231 humaniter
1102 1156 1282 1251 salutabis,

258 1291 368 1378 atque
392 1273 632 1362 admonebis,
663 1280 705 1347 u't
737 1298 797 1348 me
828 1272 932 1347 brevi
966 1289 1149 1371 sequatur.
1176 1272 1282 1347 Abeo

259 1409 381 1467 autem
404 1391 535 1478 hodie;
561 1393 611 1463 ita
638 1388 737 1464 enim
763 1390 1047 1465 Atheniensibus
1068 1391 1182 1466 visum
1221 1404 1281 1464 est.

259 1512 358 1585 Tum
370 1507 539 1594 Simmia,
558 1507 672 1600 Quale
699 1507 852 1579 tandem
877 1507 968 1580 illud
989 1522 1042 1580 est
1070 1506 1169 1606 quod
1187 1506 1281 1580 Eve-

72 1698 83 1719 ,
146 1644 149 1649 “
258 1653 350 1697 num
375 1621 551 1722 postulas?
577 1620 746 1720 equidem
769 1626 909 1719 saepius
929 1649 1001 1695 una
1028 1649 1112 1695 cum
1133 1635 1176 1697 e'o
1209 1623 1278 1711 fui,

257 1764 377 1839 neque
397 1741 425 1812 is
447 1739 537 1811 mihi
561 1738 654 1810 visus
676 1754 728 1811 est
752 1738 919 1825 Euenus,
943 1738 1005 1837 qui
1029 1753 1066 1811 te
1092 1739 1223 1827 lubens
1240 1738 1281 1813 ad

256 1854 393 1930 inferos
418 1844 636 1954 sequeretur.
669 1854 768 1951 Quid
800 1879 918 1943 ver0,
954 1855 1070 1953 inquit
1093 1855 1280 1946 Socrates,

255 1999 383 2047 nonne
405 1973 638 2072 philosophus
656 1987 708 2044 est
733 1971 909 2046 Evenus?
941 1966 1005 2045 Est
1030 1999 1140 2060 vern,
1159 1971 1280 2071 inquit

257 2089 446 2177 Simmias,
471 2103 510 2161 ut
534 2086 624 2199 mihi
645 2087 796 2186 quidem
816 2089 970 2177 videtur.
1000 2075 1140 2188 Igitur„
1162 2087 1279 2189 inquit

44 2228 53 2241 ·
138 2230 157 2309 ἡ
258 2206 444 2291 Socrates,
472 2229 592 2302 neque
626 2203 776 2279 Evenus
804 2207 899 2280 mori
935 2206 1132 2297 recusabit,
1158 2232 1279 2306 neque

257 2322 347 2391 alius
370 2319 519 2416 quisque
551 2343 630 2390 non
657 2319 827 2416 indignus
852 2322 1059 2424 philosophi
1096 2323 1279 2398 nomine:

202 2442 205 2447 ’
257 2436 334 2535 ipse
358 2452 475 2508 tamen
503 2461 540 2505 se
559 2460 635 2509 non
665 2437 882 2523 interficiet3
908 2440 980 2510 hoe
1001 2439 1101 2512 enim
1119 2438 1222 2513 nefas
1246 2452 1279 2512 et

257 2569 310 2626 est
338 2570 375 2626 et
412 2551 574 2626 habetur.
612 2550 749 2648 Atqui,
783 2558 833 2623 a‘r’t
867 2552 1054 2640 Simmias,
1092 2556 1276 2654 quomodo

256 2671 349 2745 haec
371 2669 435 2744 sibi
453 2681 699 2742 consentanea
725 2683 830 2752 sunt,
857 2684 897 2742 ut
923 2672 1003 2771 quis
1020 2686 1180 2747 mortem
1209 2676 1300 2773 'ap-¹

200 2776 204 2783 ⁵
256 2803 359 2889 petat
386 2787 555 2888 quidem,
576 2808 645 2858 nec
675 2799 801 2858 tamen
822 2785 931 2889 liceat
952 2786 984 2857 ei
1013 2811 1050 2858 se
1072 2786 1192 2884 ipsum
1221 2790 1279 2865 in·

257 2906 451 2980 terficere?
474 2903 690 3003 Equidem,
714 2917 752 2974 ut
771 2904 885 2992 nosti,
912 2928 996 2976 cum
1007 2902 1140 2977 Cebete
1163 2903 1205 2976 in
1223 2932 1279 3004 pa·

256 3025 329 3097 tria
360 3027 482 3097 nostra
505 3019 641 3094 Thebis
664 3045 748 3092 usus
769 3047 848 3094 sum
882 3018 1066 3120 disciplina
1102 3021 1277 3113 Philolai,
1307 3110 1311 3121 Ι

198 3120 204 3129 ’
235 3140 383 3212 xnobilis
420 3141 664 3236 Pythagorei,
698 3139 759 3239 qui
798 3139 925 3214 eadem
953 3139 1272 3229 diceresolebat,

255 3280 349 3352 quae
376 3270 416 3324 tu
440 3251 552 3325 modo
578 3282 586 3327 ε
613 3256 700 3343 sed,
730 3282 843 3355 quum
873 3256 1081 3354 argumenti
1113 3259 1273 3332 rationes
1293 3266 1313 3319 '1

252 3395 488 3470 quaererem,
511 3371 646 3458 nullas,
672 3389 772 3446 certe
797 3399 877 3446 non
899 3375 1123 3474 perspicuas,
1152 3362 1298 3449 redde!

130 3528 138 3541 ⁴
250 3487 333 3574 bat;
360 3513 471 3586 quare
495 3501 561 3575 tu,
587 3490 615 3561 si
641 3515 729 3588 quas
750 3505 879 3580 tenes,
903 3518 962 3565 eas
989 3518 1120 3592 quaeso
1148 3492 1274 3567 nobis·

252 3631 335 3680 cum
358 3605 614 3683 communices.
644 3606 740 3702 Quid
766 3634 878 3691 vero,
906 3621 958 3681 att
982 3613 1169 3698 Socrates,
1205 3636 1274 3711 pu·

250 3741 353 3798 tasne
375 3751 433 3797 me
456 3724 659 3800 doctiorem
674 3752 749 3800 esse
764 3726 946 3802 Philolao?
972 3753 1039 3828 ego
1059 3755 1147 3802 vero
1165 3730 1274 3829 longe
1299 3780 1304 3787 -

250 3843 294 3915 ab
323 3842 399 3940 ejus
421 3844 548 3918 absum
580 3844 779 3934 doctrina,
809 3872 925 3946 neque
954 3873 1022 3946 ego
1056 3861 1193 3921 certam
1231 3846 1273 3919 ii·

249 3961 317 4033 lius
334 3960 528 4034 sententiae
548 3960 902 4037 demonstrationem
921 3980 1051 4056 teneo;
1071 3963 1132 4034 sed
1153 3961 1269 4039 fando

197 4114 202 4123 ·
249 4078 401 4151 aliorum
414 4077 599 4178 opiniones
615 4078 750 4164 audivi,
770 4106 857 4177 quas
874 4106 953 4152 non
968 4104 1132 4176 repugno
1147 4136 1156 4165 ,
1175 4080 1270 4181 quin

251 4192 351 4266 vobis
370 4218 551 4292 exponam
573 4218 718 4290 :neque
741 4195 856 4284 enim,
876 4193 974 4292 quod
995 4192 1085 4267 mihi
1108 4212 1272 4297 superest

1115 4338 1159 4452 A.
