2632 4994
606 383 733 476 (20)

128 571 133 577 ·
156 536 275 636 plores
292 565 308 635 ²,
320 533 381 637 qui
391 522 477 605 licet
499 529 599 604 multi
620 529 786 618 luerunt,
815 559 928 608 unum
946 533 1175 610 commemo-

141 661 280 728 'remus
303 655 459 734 Numam
475 646 702 746 Pompilium.
721 650 890 726 Jucunda
912 668 994 725 sunt
1012 654 1177 748 cognitu,

112 816 115 820 -
140 788 247 870 'quae
262 769 304 839 de
320 767 376 838 itto
398 763 636 864 prodiderunt
655 766 833 840 Livius-et
845 768 1069 842 Plutarchus.
1082 771 1178 841 Nam

153 887 318 960 omnium
345 882 504 980 primum
528 881 573 953 ad
598 883 876 959 multitudinem
903 886 1111 985 imperitam
1137 903 1177 960 et

149 1001 216 1076 illis
234 1001 381 1073 saeculis
406 998 535 1071 rudem
561 999 847 1100 effilcacissimum
872 1003 1059 1077 arbitratus
1077 1004 1175 1075 Deo-

42 1186 47 1195 .
150 1145 232 1190 rum
250 1134 401 1204 metum,
424 1117 638 1190 Pontificem
655 1116 861 1208 constituit,
877 1125 943 1225 'qui
965 1146 1043 1195 non
1062 1120 1176 1194 modo

149 1231 320 1309 coelestes
347 1232 608 1321 caerimonias,
634 1235 696 1307 sed
724 1236 814 1332 justa
841 1264 986 1339 quoque
1009 1237 1176 1311 funebria
1218 1242 1223 1253 '

146 1350 416 1450 placandosque
439 1376 566 1422 manes
589 1349 766 1426 edoceret.
791 1356 894 1452 Quae
922 1355 1070 1454 quidem
1094 1355 1175 1450 jura

145 1490 265 1568 neque
295 1463 516 1550 constituta,
556 1491 626 1536 nec
662 1483 735 1540 tam
774 1467 968 1544 inviolabili
999 1468 1176 1565 religione

145 1587 282 1656 sancita
306 1594 444 1666 essent,
473 1593 510 1653 ut
531 1593 628 1652 recte·
646 1579 822 1668 affirmat,
840 1584 869 1656 si
888 1584 1057 1657 homines
1078 1582 1174 1657 arbi·

144 1700 230 1770 trati
256 1712 395 1784 essent,
420 1694 559 1768 nullum
587 1721 734 1769 sensum
764 1697 896 1771 habere
924 1690 1109 1786 mortuos,
1136 1716 1174 1773 et

144 1816 305 1888 animum
330 1841 415 1888 cum
435 1838 591 1912 corpore
611 1810 744 1912 perire.
770 1856 816 1868 -
837 1815 1051 1902 Caeterum,
1071 1817 1173 1915 quod

143 1931 456 2021 mododiximus,
485 1930 836 2029 ad-propagandam
872 1934 1086 2007 seutentiam
1123 1932 1171 2005 de

143 2051 348 2125 animorum
380 2049 650 2122 immortalitate
678 2074 758 2122 non
784 2065 931 2124 tantum
950 2066 1083 2140 veras,
1105 2052 1170 2124 sed

111 2228 114 2233 .
142 2168 244 2244 salsas
270 2172 377 2242 etiam
408 2165 553 2238 valuisse
579 2167 738 2240 rationes
765 2197 774 2242 ε
802 2168 870 2244 tuit
901 2195 947 2244 ex
972 2169 1065 2242 falsis
1096 2197 1169 2242 una

47 2336 50 2351 .
86 2265 99 2293 '
142 2285 245 2356 valde
268 2282 326 2352 illa
345 2279 473 2351 efficax
492 2278 537 2367 ad
557 2306 705 2352 sensum
727 2282 916 2381 imperitae
939 2286 1067 2385 plebis,
1088 2311 1169 2360 ma·

141 2399 219 2494 gira
238 2418 371 2498 nempe
385 2407 612 2464 mortuorum
632 2399 807 2468 evocatio,
829 2401 879 2471 Ut
891 2402 991 2474 enim
1005 2429 1185 2502 quaeque.

139 2513 270 2587 rudior
292 2524 346 2580 est
367 2522 401 2581 et
425 2507 594 2581 incultior
619 2531 720 2604 gens,
742 2509 796 2581 ita
812 2512 925 2607 magis
942 2541 1022 2588 eam
1041 2516 1087 2589 ad
1105 2547 1169 2592 su-

140 2624 393 2727 perstitionem
418 2622 530 2710 ferri,
560 2623 727 2710 vatibus,
753 2627 932 2724 sortilegis
956 2645 991 2702 et
1017 2636 1167 2730 praesti-

138 2745 333 2844 giatoribus
364 2741 525 2816 deditam
552 2767 627 2815 esse
657 2742 888 2841 reperiemus.
918 2746 1029 2845 Igitur
1056 2766 1167 2826 ante-

139 2889 248 2962 quam
265 2854 448 2933 medicina
467 2857 691 2954 redigeretur
714 2858 759 2930 ad
781 2861 937 2960 aliquam
956 2865 1042 2939 artis
1059 2871 1166 2942 ratio-

137 3005 245 3062 nem,
267 2972 465 3075 plurimum
492 2974 662 3047 scientiae
677 2956 861 3073 ‘opinione
889 2996 923 3054 et
951 2984 1165 3059 auctoritate

47 3078 102 3149 'ss
137 3096 305 3169 valebant
328 3096 570 3165 incantatores
586 3106 620 3164 et
643 3095 925 3194 praestigiatores
944 3076 1162 3201 illi,duimi'-

136 3211 263 3283 raculis
282 3224 318 3281 et
340 3208 478 3280 occulta
496 3209 656 3281 Deorum
681 3211 941 3286 immortalium
962 3242 1032 3313 ope
1056 3243 1160 3290 mor-

47 3347 48 3359 *
134 3325 268 3398 borum
294 3325 520 3397 sanationem
548 3324 815 3420 profiterentur.
840 3328 887 3399 Et
917 3346 1022 3404 erant
1045 3332 1160 3421 adeo,

135 3445 195 3544 qui
212 3470 249 3516 se
262 3445 358 3515 tanta
376 3438 409 3509 vi
427 3438 661 3535 potentiaque
681 3438 859 3536 praeditos
874 3467 949 3533 esse
966 3448 1158 3542 jactarent,

136 3561 311 3641 utetiam
344 3554 534 3629 defunctos
558 3577 604 3625 ex
628 3570 745 3626 morte
770 3553 815 3626 ad
842 3557 956 3629 vitam
982 3559 1158 3636 reducere
1215 3604 1221 3633 t

133 3692 287 3777 possent.
303 3673 374 3770 Qui
392 3670 541 3774 quidem
556 3670 693 3743 etiamsi
707 3697 747 3743 re
764 3673 839 3770 ipsa
853 3689 889 3746 et
906 3676 1157 3773 experimento

132 3796 217 3867 vani
239 3787 603 3892 deprehenderentur
625 3802 660 3858 et
684 3781 978 3879 confutarentur,
1007 3794 1157 3892 imperi-

132 3925 209 3981 tam
234 3906 376 4008 plebem
395 3919 521 3979 tamen
548 3918 739 4002 patronam
762 3905 990 4015 habuerunt,
1011 3924 1048 3980 et
1066 3935 1156 4007 pru-

132 4025 315 4100 dentiores
333 4047 610 4120 nonnumquam
629 4019 863 4117 deceperunt.
885 4025 979 4095 Hinc
1001 4024 1075 4119 jam
1091 4054 1153 4102 an·

132 4140 335 4236 tiquissimis
359 4136 583 4233 temporibus
600 4134 657 4206 illa
682 4148 765 4207 nata
790 4153 840 4208 est
863 4136 982 4210 fabula
1001 4138 1046 4214 de
1064 4143 1153 4218 Aes·
1207 4176 1211 4188 ·

133 4252 273 4353 culapio
284 4248 723 4350 Jovislulminepercusso
738 4251 853 4354 ,quud
866 4279 944 4332 non
956 4274 1154 4337 contentus
