2632 4994
607 354 767 452 (4¹6)

121 505 274 605 pium
296 519 368 596 est,
384 505 674 602 animusseipse
692 521 830 593 movet,
850 531 937 604 ergo
962 508 1187 623 principium

172 637 237 694 est.
253 621 376 719 Pergit
391 648 520 722 porr0‚
540 617 714 747 Principii
736 644 776 691 ea
800 636 852 695 est
870 636 1022 711 natura,
1040 640 1085 707 ut
1104 626 1188 735 nul·

159 712 241 812 lam
274 738 403 812 habeat
429 734 637 832 originem3
665 733 821 811 Animus
849 751 903 811 est
928 722 1183 838 principium}

165 878 277 952 ergo,
296 852 429 924 nullam
454 851 565 949 habet
588 848 779 980 originem.
780 850 1004 927 Concludit
1034 854 1184 929 tandem

165 981 430 1077 argumentum.
450 942 561 1099 Quod
575 964 754 1093 originem
766 993 844 1042 non
866 967 986 1057 habet,
1008 952 1097 1067 illud
1108 980 1186 1071 nec

159 1062 276 1156 linem
288 1079 468 1170 babebit;
475 1081 614 1154 animus
633 1109 708 1158 non
729 1082 835 1159 habet
851 1085 1054 1182 originem;
1074 1084 1183 1185 ergo,

112 1226 227 1299 nec
252 1200 365 1275 finem
384 1188 548 1295 habebit.
566 1201 707 1275 Dicatis
721 1203 828 1302 ,plus
843 1201 1024 1279 effectum
1027 1228 1101 1278 esse
1112 1206 1182 1279 hac

155 1317 497 1418 argumentatione,
514 1300 622 1419 quarn
636 1335 818 1419 quantum
836 1312 1180 1420 exspectaverimus.

156 1440 269 1527 Nam,
288 1460 401 1536 quum
427 1432 512 1505 illud
530 1462 647 1509 unum
668 1453 920 1534 spectaremus
917 1439 1088 1511 animum
1108 1459 1180 1511 ιιοιι

156 1543 291 1644 bebere
301 1554 444 1649 finem,·
472 1576 515 1623 ex
536 1551 741 1625 abundanti
765 1556 837 1626 hoc
860 1554 969 1629 etiam
993 1540 1181 1654 apparuit,

154 1667 321 1739 animum
351 1664 494 1738 nullum
519 1661 712 1767 habuisse
701 1665 862 1740 mitium.
899 1670 949 1739 Et
976 1669 1082 1741 Plato
1102 1669 1183 1767 qui·

77 1842 80 1847 ,
155 1748 282 1883 dem
271 1805 346 1879 rpse
377 1778 444 1853 sibi
470 1777 552 1852 satis
583 1758 719 1873 constat
745 1806 753 1852 :
779 1779 915 1878 quippe
943 1778 1005 1877 qui
1039 1779 1183 1879 Pytha-

152 1896 261 1999 gorae
286 1895 504 1987 sententiam
516 1893 757 1995 sequebatur,
778 1891 919 2001 animos
933 1893 1043 1969 veluti
1058 1912 1182 1994 partes

153 2038 231 2098 esse
259 2009 399 2086 aeterni
430 2010 525 2084 illius
541 2009 746 2111 principii,
778 2009 955 2084 nimirum
984 2011 1066 2085 Dei.
1100 2010 1180 2089 Nos

153 2158 264 2253 reru,
279 2127 343 2230 qui
362 2128 431 2203 hac
450 2127 490 2201 in
516 2128 615 2227 p'arte
630 2126 886 2203 auctoritatem
901 2116 1063 2202 Platonis
1075 2127 1178 2245 dese·

151 2240 291 2346 r'imus,
317 2247 537 2316 hortamen
566 2244 716 2376 exejus
747 2238 1059 2375 argumentatione
1088 2236 1177 2344 pro-

96 2398 103 2419 ·
150 2338 279 2457 bamus
298 2381 341 2429 ac
370 2362 557 2444 tenemus,
579 2354 740 2432 animum
774 2387 846 2435 ιιοιι
879 2386 959 2436 esse
984 2378 1176 2496 corporeae

68 2572 71 2579 1
150 2458 328 2573 naturae,
349 2458 576 2569 siquidem
566 2496 640 2565 rpse
661 2480 810 2546 suarum
831 2475 1022 2551 actionum
1033 2478 1174 2611 princi·

148 2592 260 2701 ιιιιιιῐι
266 2602 303 2662 et
323 2585 490 2660 libertate
505 2583 686 2715 praeditus
701 2600 766 2658 est.
785 2589 877 2659 Nam
898 2614 1011 2687 quum
1030 2596 1071 2666 in
1088 2619 1173 2668 cor·

40 2756 44 2771 .
121 2780 125 2789 ,
148 2709 324 2819 poribus
315 2702 532 2778 mutationes
549 2699 719 2790 existant,
735 2702 1175 2840 certislegibospond'e'ris

146 2854 200 2921 εις
214 2812 361 2921 mortis,
374 2837 412 2896 et
438 2816 515 2915 lere
540 2817 762 2917 necessitate
771 2820 983 2911 machinae,
1004 2825 1170 2914 animus,

19 3018 22 3025 ,
147 2932 176 3043 si
202 2940 349 3044 quidem
373 2935 418 3011 sit
441 2932 661 3060 corporeus,
678 2940 795 3037 quani
824 2926 979 3037 partem
998 2926 1171 3057 libertatis

146 3037 301 3147 lrabeat,
324 3040 483 3151 intelligi
502 3051 671 3183 nequit.
788 3060 792 3069 '

157 3168 442 3276 cognovistis,
460 3166 530 3240 A.
541 3168 608 3255 H„
634 3146 793 3244 rationes
813 3164 998 3246 Platonis.
989 3160 1166 3274 quarum

140 3266 180 3364 ιιι
192 3277 395 3387 nonnullas
419 3274 709 3380 repudiavimus‚
735 3285 786 3359 ita
792 3284 997 3395 plerisque
1023 3292 1164 3367 tantam

107 3395 112 3408 ‘¹
141 3372 331 3513 tribuimus
353 3378 668 3497 probabilitatem,
697 3414 872 3507 quantam
897 3403 1017 3479 multis
1035 3408 1143 3483 rebus
1153 3406 1175 3500 ,¹

114 3550 119 3563 ι
142 3500 190 3597 de
192 3494 381 3639 quibus
379 3538 490 3617 nemo
514 3513 662 3609 dubitat
689 3516 832 3619 Ecquid
861 3520 978 3653 igitur
1003 3509 1073 3623 bae
1099 3549 1165 3596 ra·
1170 3530 1175 3549 ²

138 3611 259 3716 tiones
291 3632 427 3734 apud
410 3638 473 3708 vo's
502 3620 693 3710 valuerunt
728 3637 801 3711 ad
810 3635 923 3745 animi
954 3632 1172 3738 persuasio

93 3732 99 3747 ⁴
137 3728 250 3864 siem?
270 3748 412 3880 Ecquid
431 3749 636 3837 babuerunt
664 3732 835 3852 ponderis
852 3779 894 3829 ac
916 3756 1094 3833 momenti
1114 3760 1160 3835 ad
1205 3774 1209 3789 '

138 3897 219 3946 eam
241 3863 463 3941 sententiam
492 3865 530 3938 in
562 3868 751 3944 mentibus
774 3871 903 3944 vestris
920 3869 1162 3970 defigendam

136 4004 243 4109 atqup
259 3980 546 4059 stabiliendam?
563 3982 736 4084 Ecquid
725 3984 795 4084 ipsi
812 4012 918 4061 sensu
937 3989 1042 4061 tacito
1060 3990 1173 4090 apud‘

134 4124 209 4213 ,ιιι
223 4076 533 4230 animadvertitis,
524 4090 781 4246 aliquantum
805 4128 868 4180 vos
887 4100 1077 4198 profecisse
1109 4110 1155 4184 a'd
