2632 4994
565 429 727 530 (90¹)

157 578 300 663 Haec
321 584 485 724 quidem,
504 586 622 724 inquit
640 568 777 699 C5be's'
771 565 850 703 ,ιιι
868 535 1057 671 laciemris
1066 562 1179 655 Nir'n'c

147 712 261 798 v'ero,
269 704 310 782 tu
329 706 468 821 optim5
482 707 658 805 virorum,
665 684 837 779 Socrates
856 688 1201 829 quandoquidem·

145 822 320 901 discessus
335 822 428 895 tuus
432 822 505 919 jam
520 847 715 925 Jamque
678 818 811 908 instat
827 818 903 892 noli
913 826 1108 927 ,quae'so,
1108 814 1179 888 no's

149 920 381 1039 relinquere,
406 946 623 1069 anteaquam
654 914 1020 1023 demonstrationem
1032 931 1180 1008 uberrus
1208 955 1214 999 ι

141 1052 385 1152 explicueris,
417 1068 453 1128 et
484 1053 691 1130 animorum
710 1034 1051 1181 immortalitatem
1066 1021 1178 1183 nolsis

89 1165 91 1171 ¹
147 1170 254 1274 plene
276 1152 501 1297 probaveris.¹
706 1186 711 1191 “

198 1280 390 1364 Faciam
364 1282 453 1364 vero
466 1289 619 1391 ,inquit
640 1286 838 1423 Sq'crates,
865 1307 900 1364 et
918 1289 1076 1363 libenter
1097 1276 1179 1384 'qul-

149 1403 264 1496 dem;¹
282 1432 311 1480 sr
301 1403 473 1479 modo
462 1431 493 1478 rs
508 1430 576 1504 ego
587 1418 686 1480 sum'
693 1435 780 1508 ,qur
770 1406 943 1503 hujus
924 1432 977 1479 rer
966 1402 1180 1517 scientiam

149 1514 336 1598 teneam.
359 1518 424 1596 sad
445 1544 513 1653 pro
534 1514 690 1594 viribus
696 1522 825 1595 t'arn'en
854 1523 1013 1599 enitar.
1042 1520 1047 1529 ’
1078 1530 1099 1599 .'

139 1628 144 1660 ²
197 1642 283 1710 Jam
307 1641 480 1745 primum
494 1635 660 1709 omnium
682 1624 880 1712 videndum
912 1651 990 1723 est,
1017 1620 1110 1742 quid
1137 1633 1183 1709 sit

137 1738 237 1859 ¹illud
256 1752 453 1851 dissipari,
480 1749 597 1861 quod
608 1748 785 1826 veremini
809 1760 858 1826 'ne
877 1750 1000 1849 animo
1009 1749 1184 1863 ac'c'idat;

127 1852 518 1977 ‘'dispiciendumqire',
542 1880 592 1945 an
618 1848 749 1942 cadeie
771 1869 846 1943 hoc
869 1869 990 2000 possit·
1002 1846 1044 1941 in
1056 1862 1184 1969 aiiimi

140 1984 328 2060 'naturam
351 1985 469 2093 Atqui
482 1986 664 2116 dissipari
671 1986 720 2057 nil
740 2001 792 2059 est
815 1982 1182 2077 aliud,ms1d1ssolvr

145 2106 188 2177 et
209 2099 402 2203 partibus
390 2116 439 2176 rta
460 2099 594 2201 privari
613 2100 710 2188 suis,
735 2114 774 2175 ut
799 2103 867 2175 hae
888 2096 1076 2175 discedant
1100 2124 1179 2175 ase

149 2217 330 2306 invicem,
352 2232 389 2290 et
410 2217 495 2290 illud
519 2217 618 2317 quod
640 2217 696 2290 his
722 2220 883 2318 partibus
902 2210 1178 2303 continebatur,

91 2418 95 2425 .
147 2349 269 2407 totum
295 2347 498 2406 evanescat.
529 2334 639 2431 lgitur
667 2335 830 2434 dissipari
857 2336 908 2409 nil
934 2347 1082 2435 potest,
1079 2318 1082 2323 ’
1108 2333 1178 2407 nisi

133 2448 247 2568 ’quod
266 2473 312 2522 ex
333 2448 499 2548 partibus
523 2465 578 2522 est
600 2452 853 2549 compositum
876 2454 992 2525 Porro
1010 2440 1178 2549 animad-

144 2580 355 2651 uertamus,
381 2578 510 2663 eorum
528 2580 741 2664 quaesunt,
760 2592 822 2653 scu
847 2591 991 2656 rerum,
1001 2567 1084 2653 duo
1102 2594 1179 2642 esse

138 2680 313 2783 genera.
331 2652 464 2756 horuin
483 2682 637 2789 alterum
662 2708 708 2755 err
733 2683 893 2789 partibus
918 2699 971 2758 est
991 2687 1181 2783 composi-

135 2810 249 2889 tum,
266 2800 443 2875 continuo
454 2801 700 2876 mutationum
714 2799 859 2877 turbine
873 2801 1043 2902 agitatur,
1056 2825 1182 2901 neque

146 2926 336 3019 umquam
359 2915 488 2993 eodem
526 2932 616 2991 statu
653 2935 801 2993 manet:
820 2920 974 2994 alterum
999 2916 1180 3017 simplex,

146 3019 247 3136 'quod
287 3035 406 3112 nullis
432 3048 570 3109 constat
601 3026 791 3135 partibus,
829 3063 951 3140 neque
984 3042 1180 3136 propterea

149 3154 257 3225 tantis
288 3151 550 3226 mutationibus
571 3151 780 3250 subjectum
800 3171 872 3243 est,
901 3153 963 3230 sed
987 3180 1093 3228 suum
1110 3168 1179 3226 sta·

149 3268 228 3339 tum
263 3265 416 3340 obtinet.
448 3267 697 3369 Compositum
733 3272 897 3371 corporis
930 3283 1181 3347 contrectatur

149 3379 324 3458 sensibus.
350 3382 514 3482 Simplex
533 3386 600 3459 sub
624 3388 763 3460 nullum
791 3386 890 3462 cadit
914 3386 1075 3487 corporis
1095 3412 1181 3459 scn-

134 3526 247 3604 ¹eum,
263 3498 325 3573 sed
348 3499 421 3574 sold
437 3499 569 3575 mentis
582 3501 721 3575 ratione
740 3503 963 3601 intelligitur.
976 3502 1178 3577 Videamus

132 3616 244 3715 ‘jam,
269 3614 315 3689 de
341 3615 480 3690 duabus
501 3617 644 3692 naturis
671 3619 783 3693 animi
813 3634 847 3692 et
876 3618 1060 3720 corporis,
1093 3631 1177 3690 utra

145 3733 191 3843 ad
212 3747 338 3807 utrum
366 3756 480 3830 genus
504 3735 699 3832 pertineat.
722 3736 865 3835 Corpus
889 3734 1059 3837 quidem,
1094 3759 1178 3806 non

92 3942 96 3951 ι
145 3866 198 3923 eat
222 3849 397 3937 dubium,
425 3852 515 3952 quin
536 3853 582 3926 ad
608 3880 735 3927 rerum
757 3854 1045 3955 compositarum
1062 3874 1182 3948 genus

131 3969 342 4102 pertineat.
363 3968 460 4067 Quid
483 3996 572 4043 vero
591 3969 750 4047 dicamus
768 3972 815 4046 de
833 3972 977 4045 animo?
994 3965 1177 4041 Nimirum

76 4087 91 4133 ’ν
149 4085 369 4179 reperiemus
394 4089 432 4161 in
471 4114 556 4159 eum
581 4087 780 4159 convenire
810 4086 978 4161 attributa
1004 4080 1179 4180 simplicis

150 4212 312 4280 naturae
326 4201 483 4278 Animus
496 4200 594 4277 nullo
607 4226 739 4302 corpor
742 4229 769 4278 rs
785 4229 892 4278 sensu
906 4214 1174 4290 contrectatur,
