2632 4994
596 389 679 472 (28
705 387 720 470 l

95 544 101 561 '
147 545 213 609 'eus
230 530 369 634 Appius
384 529 756 627 metumtotfaciebat:
772 532 856 625 inde
874 532 912 606 in
929 533 1059 608 vicinia
1071 560 1151 609 nos·

146 647 205 722 trd
230 651 370 725 Aterni
386 651 507 735 lacus,
739 642 741 647 ’

220 787 304 848 Unde
319 785 428 845 ‘animae
443 780 617 861 exsitientes,
636 783 767 851 obscurae
783 783 914 861 umbrae,
933 799 1029 868 aperto
1045 786 1115 848 ostie

217 885 276 952 alu
289 882 472 961 Acheruntis,
491 884 553 946 luso
573 886 706 966 sanguiue
715 930 725 962 ,
746 886 879 969 imagines
897 899 1078 948 mortuorum.

187 1019 271 1090 Has
301 1031 421 1091 tamen
445 1021 623 1118 imagines
653 1022 753 1123 loqui
773 1021 895 1095 solunt
916 1050 930 1093 .·
957 1021 1052 1121 quod
1073 1019 1170 1116 fieri

140 1158 207 1206 nec
222 1133 303 1207 sine
323 1135 448 1233 lingud
460 1195 470 1227 ,
482 1163 548 1211 nec
564 1139 644 1212 sine
654 1135 806 1237 palato,
824 1163 890 1210 nee
907 1140 987 1212 sine
995 1137 1166 1235 fiucium

140 1252 333 1325 lateremus
362 1269 400 1326 et
410 1257 623 1354 pulmonum
649 1257 684 1332 ‘ti
702 1257 874 1356 etfigurd
886 1250 1015 1358 potest.
1037 1257 1086 1328 Et
1102 1253 1168 1352 qui

136 1368 232 1443 banc
253 1371 465 1470 opinionem
488 1376 759 1473 sequebantur,
780 1376 882 1449 nihil
897 1375 1020 1448 animo
1048 1371 1166 1447 sidere
1209 1468 1212 1473 Ι

134 1503 323 1584 poterent,
351 1486 403 1559 ad
423 1490 544 1560 oculos
569 1495 691 1564 omnia
711 1491 925 1583 refferebant.
944 1488 1080 1585 Magni
1096 1508 1166 1557 au·

139 1618 210 1676 tem
234 1620 291 1674 est
312 1604 469 1703 ingenii,
490 1588 660 1677 resecare
692 1622 845 1678 mentem
872 1630 896 1674 a
915 1604 1102 1689 sensibus,
1137 1617 1173 1674 et

138 1718 387 1814 cogitationem
406 1746 430 1790 a
443 1704 696 1794 consuetudine
711 1719 898 1793 abducere.
920 1753 937 1787 »
959 1763 1005 1775 -
1022 1718 1167 1791 Dicitur
1201 1766 1204 1775 ·

139 1847 264 1927 autem
292 1848 380 1907 vetata
390 1835 481 1909 liber
500 1835 715 1911 undecimus
732 1835 933 1935 Odysseae,
961 1863 1035 1935 quo
1053 1835 1167 1933 Ulys·
1221 1834 1223 1839 ⁴

97 1992 99 1999 ι
139 1971 222 2025 sem,
239 1949 287 2023 ad
311 1951 449 2055 inferos
473 1952 625 2026 deducit>
637 1954 840 2042 Homerus,
859 1969 897 2028 et
919 1980 1002 2026 cum
1023 1951 1170 2024 defunc·

92 2151 96 2160 Ι
140 2079 263 2140 torum
289 2068 420 2141 animis
438 2067 709 2165 colloquentem
722 2068 807 2141 lacit
823 2098 831 2141 :
848 2068 949 2169 quod
965 2069 1173 2165 exemplum

140 2199 284 2257 secutus
308 2199 363 2257 est
387 2183 560 2280 Virgilius
578 2183 670 2256 libro
697 2198 802 2257 sexto
830 2178 1016 2260 Aeneidis.
1049 2188 1172 2281 Quare

140 2325 253 2399 quum
288 2299 473 2371 videamus
501 2302 729 2388 Homerum,
762 2302 988 2394 Hesiodum,
1015 2303 1174 2401 aliosque

140 2425 266 2514 poetas
299 2415 393 2487 hanc
414 2415 634 2514 opinionem
662 2418 886 2504 celebrasse;
913 2418 1072 2490 nolimus
1100 2419 1174 2489 mi·

29 2617 34 2634 ι
140 2528 238 2618 rari,
259 2557 339 2603 earn
359 2531 400 2603 in
419 2532 608 2606 hominurn
632 2533 788 2630 ingeniis
814 2533 886 2606 alte
910 2533 1064 2605 defixam
1083 2558 1172 2604 esse.

140 2645 261 2720 Erant
285 2651 385 2722 enim
406 2661 533 2749 pottae
558 2651 602 2739 ii,
628 2651 690 2750 qui
709 2650 816 2750 primi
842 2648 1027 2723 doctrinas
1049 2646 1172 2721 trade-

39 2828 43 2835 .
138 2779 223 2837 rent
238 2779 447 2866 :totumque
463 2766 656 2868 sapientiae
673 2767 831 2842 studium
846 2766 920 2839 sold
931 2763 1028 2866 poesi
1044 2764 1173 2865 priscis

139 2880 206 2954 illis
226 2882 450 2982 temporibus
476 2885 741 2959 continebatur.
767 2888 894 2984 Neque
920 2883 1029 2957 etiarn
1055 2880 1168 2953 mire·

46 3088 47 3092 Ἰ
90 3086 94 3105 ι
139 3022 246 3086 mur,
262 3011 384 3098 poetas
401 3028 481 3074 earn
496 3000 653 3073 tenuisse
675 3001 890 3099 opinionem
904 3028 913 3088 3
928 3016 963 3072 et
979 3000 1101 3099 potius
1114 2997 1168 3070 in·

142 3113 362 3212 telligarnus,
384 3119 454 3189 boe
476 3116 523 3189 ita
545 3142 614 3189 nec
632 3116 737 3191 aliter
749 3118 825 3190 fieri
841 3116 1015 3190 debuisse.
1038 3117 1172 3189 Causae

144 3230 296 3306 fuerunt
314 3233 426 3320 duae,
445 3259 580 3334 eaeque
591 3235 806 3308 verissimae.
822 3234 944 3306 Prima
963 3248 1013 3305 est
1033 3233 1072 3303 in
1092 3237 1169 3330 ipso

148 3363 296 3448 poeseos
308 3352 437 3428 officio.
456 3354 551 3427 Nam
568 3367 610 3424 ut
622 3353 735 3451 potesis
755 3351 918 3450 plurimis
932 3350 1171 3447 maximisque

151 3470 312 3566 partibus
333 3469 484 3543 mirifice
510 3473 704 3566 conjuncta
736 3484 787 3541 est
811 3493 895 3539 cum
921 3455 1174 3563 philosophia,

27 3583 47 3641 ἶ
151 3600 274 3658 tamen
296 3589 423 3690 bacin
446 3601 551 3687 parte
569 3585 615 3660 ab
631 3589 674 3659 ed
693 3584 876 3668 dissentit,
895 3582 994 3682 quod
1013 3581 1183 3653 animum-

126 3704 386 3776 monarchus
408 3701 591 3804 porporeis
611 3701 656 3774 ad
677 3697 916 3800 intelligibiles
930 3697 1093 3781 abducit,
1115 3696 1178 3769 sed

153 3820 446 3918 contrapotiusa
463 3820 569 3895 rebus
586 3817 870 3920 intelligibilibus
895 3832 930 3888 et
953 3811 1176 3914 incorporeis

149 3934 196 4006 ad
208 3962 264 4010 res
272 3936 534 4036 adspectabiles
546 3955 581 4012 et
594 3963 788 4037 corporeas
801 3934 999 4022 convertit,
1015 3950 1051 4004 et
1064 3953 1176 4001 omne

152 4051 353 4155 cogitatum
364 4113 372 4144 ,
382 4054 501 4155 quoad
513 4058 590 4154 ejus
604 4056 681 4125 fieri
693 4069 806 4150 potest
817 4111 823 4139 ,
835 4053 1010 4147 corporet
1020 4045 1178 4141 imagine

153 4170 430 4265 complectitur,
449 4188 484 4246 et
511 4169 612 4270 quasi
645 4154 808 4241 sensibut
832 4165 1180 4264 subjicit‘Cumque
