2632 4994
504 380 633 473 (33)
753 444 761 469 ,

55 529 198 629 plana,
221 544 361 616 tentus,
379 526 511 615 nubes,
528 528 767 601 instrumenta
790 530 866 602 sint
889 530 964 604 Dei
974 589 982 617 ,
1001 536 1080 631 qui-

60 647 129 719 bus
150 646 263 719 multa
288 645 347 719 nel
372 658 491 717 serrat
508 658 545 716 et
566 644 650 727 ant,
674 642 731 716 nel
752 645 903 717 destruit
929 674 973 719 nc
993 674 1084 744 per·

60 763 118 835 dit
135 791 149 833 .·
165 761 385 839 animalibus
403 786 485 833 ntro
511 760 562 831 nd
578 760 715 831 nullum
737 786 826 854 opus
842 776 976 836 utatur.
995 765 1083 836 Cum

61 879 204 953 rationi
224 880 334 952 multo
361 879 411 950 sit
430 878 547 974 magis
569 893 869 964 consentaneum,
890 881 1039 954 -animos
1060 908 1085 951 a

57 994 200 1097 Uannii
234 996 270 1071 ni
298 996 495 1092 suspensor
522 994 558 1065 ei
590 994 765 1087 inservire
792 1011 975 1094 motusque
1006 994 1087 1093 elir's

219 1115 254 1202 i,
288 1129 324 1186 et
349 1113 460 1184 multo
497 1096 709 1184 concinnius
742 1111 988 1207 efficaciusque
1021 1115 1088 1186 ob·

26 1280 61 1415 g
223 1256 279 1317 re,
297 1256 406 1328 quam
424 1231 450 1301 S
452 1228 573 1327 cythis
588 1253 715 1316 arcus,
733 1228 1088 1304 autumantium

226 1371 247 1419 3.
278 1380 296 1413 n

225 1464 387 1537 eniamuo
407 1464 452 1536 ad
467 1462 731 1563 Pythagoram.
750 1466 781 1535 Is
795 1461 863 1534 fuit
877 1463 934 1536 vel
951 1488 1089 1563 aequa-

161 1577 313 1669 letis,
336 1580 393 1651 vel
422 1580 567 1676 paulo
556 1578 686 1691 junior
712 1604 772 1664 eo,
807 1596 845 1652 ut
869 1580 1014 1676 iuvenis
1034 1607 1090 1653 se-

145 1668 296 1768 *nire
320 1694 488 1793 potuerit.
513 1697 685 1795 Uterque
711 1695 777 1769 fuit
799 1712 917 1770 sectae
940 1712 1084 1784 auctor,

208 1813 298 1899 icae,
319 1814 378 1887 tle
395 1814 559 1888 lonicae
579 1829 732 1912 uterque
747 1815 977 1889 subtiliorem
998 1817 1089 1915 phi-

10 1696 82 2075 μβ
92 1906 128 2061 β
190 1956 249 2079 (²⁹
275 1931 454 2005 rationem
491 1946 637 2004 secutus
665 1947 717 2004 est
743 1959 785 2005 ac
812 1931 985 2030 prodidit.
1015 1932 1088 2006 Sed

69 2005 98 2057 h
119 2008 354 2135 minuam,
383 2072 474 2146 quae
501 2047 540 2115 in
566 2048 678 2117 rebus
712 2046 975 2130 existentibus,
1006 2032 1090 2118 cor-'⁰

203 2161 503 2319 phaipgu'raribus
529 2172 753 2257 occupatur:
775 2161 838 2231 hic
865 2163 1090 2259 metaphysi-

89 2260 145 2419 Λ
316 2277 418 2362 ideis,
446 2276 652 2348 notionibus
679 2275 943 2349 universalibus
966 2286 1001 2350 et
1025 2305 1090 2351 re-

96 2310 219 2523 nto)
308 2399 427 2494 porea
455 2399 605 2480 natura,
638 2394 686 2468 ad
719 2395 933 2471 interiorem
967 2422 1091 2473 rerum

37 2528 96 2636 (¹
303 2538 317 2585 ι
345 2509 490 2585 tendit:
513 2527 663 2612 uterque
686 2512 897 2613 longinquis
921 2517 1094 2613 peregri-.

307 2630 504 2703 ioctrinam
530 2629 749 2728 eollegerat,
767 2630 863 2726 apud
883 2632 1090 2727 Aegyptio-

312 2748 394 2821 ihoa
412 2746 579 2844 physicas
599 2760 635 2815 et
651 2744 925 2817 mathematicas
938 2745 1093 2842 discipli·

313 2879 369 2939 at·
380 2879 533 2961 uterque
548 2884 729 2933 summam
741 2857 976 2959 divinamque
990 2887 1094 2933 men-

312 2981 549 3063 universitati,
568 2976 678 3050 veluti
694 2975 910 3049 efficientem
926 3001 1095 3065 causam,

320 3113 444 3195 terque
468 3098 675 3169 animorum
696 3096 1008 3170 immortalitatem
1031 3122 1096 3171 ce-

317 3214 327 3287 l
356 3214 442 3287 hinc
470 3211 603 3285 iterum
632 3210 832 3299 discamus,
860 3239 970 3312 quam
999 3240 1096 3287 vana

311 3327 452 3431 opime,
482 3329 545 3428 qui
574 3355 722 3401 omnem
757 3331 1035 3428 philosophiam·
1049 3318 1098 3407 ab'

309 3448 343 3529 id
369 3450 532 3523 Graecos
560 3447 701 3521 fluxisse
732 3449 972 3525 contendunt.
1000 3451 1095 3523 Nam
1192 3494 1196 3503 .

309 3565 403 3641 idem
423 3563 476 3637 de
499 3564 635 3639 Divina
653 3568 780 3639 natura
806 3565 919 3637 multo
936 3564 1095 3639 saniores

321 3683 510 3782 opiniones
556 3683 711 3766 Graeci,
747 3704 858 3776 quam
892 3681 1100 3779 Aegyptii:

337 3799 461 3899 opinio
490 3798 535 3870 de
563 3797 789 3869 Animorum
820 3795 1097 3873 immortalitate

329 3917 479 3988 taletem
505 3939 548 3985 ac
575 3914 837 4012 Pythagoram,
867 3928 977 4013 atque
1008 3913 1099 3995 adeo

50 4051 156 4115 ante
187 4061 310 4133 ipsum
340 4035 528 4133 Orpheum
557 4031 596 4106 in
623 4030 771 4108 Graecis
803 4032 918 4127 viguit
936 4059 978 4105 ac
1012 4052 1098 4106 ver-

59 4166 151 4231 sata
185 4166 247 4227 est.
277 4153 469 4229 Caeterum
500 4149 538 4225 in
575 4150 689 4225 animi
718 4153 844 4223 natura
876 4164 914 4223 et
946 4148 1101 4233 immor<

930 4268 953 4342 3
