2632 4994
695 409 849 502 (108)

264 562 340 637 'cari
368 570 490 636 tamen
518 559 563 632 ad
589 553 760 654 poculum
787 569 829 626 et
849 553 994 653 liceret
1028 536 1176 650 oportet
1202 551 1276 628 Diis

260 679 524 761 immortalibus
539 732 547 759 ,
568 686 608 745 ut
626 673 715 745 haec
731 669 821 743 mihi
834 668 1005 744 domicilii
1020 669 1169 744 mutatio
1183 670 1277 744 benc

258 793 484 893 feliciterque
507 790 665 864 eueniat.
691 792 816 888 Itaque
846 808 998 887 precor,
1030 801 1068 860 et
1095 786 1143 875 ita
1167 787 1231 859 fiat
1257 796 1278 861 0'

257 910 344 984 Dii-t
369 912 450 980 Hoc
478 898 599 994 dicto,
621 906 792 1004 poculum
818 903 1092 978 oriadmovens
1117 899 1221 974 facile
1236 927 1276 975 ac

255 1023 445 1131 tranquille
458 1021 632 1096 exhausit
642 1025 724 1096 ‘Nos
737 1012 849 1107 iero,
864 1012 1084 1119 quamquam
1102 1017 1275 1114 lacrymas

253 1139 427 1214 adhuc'
394 1158 455 1210 'vix
482 1132 786 1226 cohibuissemus3
809 1138 908 1234 jam,
933 1158 1046 1236 quum
1066 1159 1150 1206 eum
1168 1148 1202 1206 et
1219 1134 1273 1206 bi·

251 1257 341 1330 bere
353 1271 391 1330 et
403 1255 530 1331 bibisse
541 1257 767 1342 videremus
781 1269 856 1327 tum
874 1276 962 1327 vero
974 1254 1155 1352 lacrymae
1167 1250 1272 1324 nobrs

250 1358 358 1447 veluti
388 1374 425 1444 vi
448 1391 494 1446 et
518 1376 658 1472 impetu
687 1362 897 1472 erumpunt.
920 1374 1047 1445 Erant
1072 1373 1186 1442 etiam
1210 1368 1276 1468 qui

194 1474 208 1500 ’
250 1490 502 1565 exclamarent
521 1491 677 1584 ejulatu,
704 1507 742 1564 et
766 1506 916 1588 pectora
927 1485 1202 1587 pertunderent
1221 1486 1270 1557 At

249 1602 436 1691 Socrates,
462 1605 558 1703 Quid
576 1624 691 1702 agitis
711 1606 850 1702 inquit,
874 1603 1059 1676 omrrtlict
1078 1598 1271 1676 hommes

246 1746 336 1823 nam
359 1724 427 1794 hac
445 1723 534 1823 ipsa
540 1718 613 1795 de
613 1725 718 1795 causa
735 1708 923 1793 'mulieres
933 1717 1194 1847 alrlegaveraln.
1216 1722 1271 1792 rra·

247 1834 348 1939 enim
372 1862 516 1974 semper
529 1835 750 1949 audieram,
772 1855 851 1907 non
863 1828 977 1905 iuter·
991 1830 1159 1928 ejulatus
1163 1830 1201 1906 et
1214 1833 1272 1905 la'-·

246 1926 513 2058 mentationes,
538 1922 632 2028 sed
623 1938 723 2025 inter
746 1951 855 2024 laetas
877 1948 1080 2047 faustasque
1094 1936 1270 2049 acclama

245 2050 367 2143 tiones
392 2088 438 2145 ex
443 2069 530 2144 hac
552 2070 627 2144 vita
657 2093 730 2142 esse
759 2064 1031 2142 discedendum
1099 2084 1113 2109 ··
1212 2092 1216 2097 ’
1250 2066 1271 2099 ‘³

217 2236 219 2240 >
248 2180 398 2261 Hasd
426 2213 494 2261 nos
509 2184 631 2263 oratio
638 2185 804 2285 pudore
832 2172 1008 2286 percussit
1029 2210 1072 2258 ac
1089 2172 1267 2284 lacrymas

244 2294 445 2398 repressit.¹
464 2300 640 2376 Socrates
670 2329 755 2377 vero
796 2318 1044 2403 posteaquam
1085 2300 1265 2403 paululum

242 2402 542 2508 obambulasset,
558 2417 676 2492 donec
698 2420 846 2492 sentiret
871 2422 1085 2516 gravitatem
1101 2420 1263 2495 accidere

241 2520 429 2645 genubus,
459 2532 608 2645 supinus
632 2530 827 2607 recubuit
816 2560 856 2605 ιιι
877 2535 1043 2606 lectulo:
1070 2552 1105 2608 et
1133 2537 1263 2637 frigore

241 2643 417 2750 paulatim
443 2656 586 2727 sursum
595 2648 659 2722 ad
679 2656 814 2748 pectus
836 2647 1104 2759 adscendente,
1121 2646 1275 2739 leniter¹

238 2765 453 2877 placideque
472 2765 681 2868 exspiravit.
695 2767 805 2840 Hunc
823 2766 924 2841 ritae
931 2748 1087 2854 exitum,
1105 2793 1129 2839 o
1146 2766 1266 2845 ιιοιιιι-Ι

241 2888 382 2974 crates,
407 2885 537 2959 habuit
555 2884 745 2984 magister,
766 2900 824 2973 et,
853 2898 894 2957 ut
920 2898 1008 2957 vere
1032 2882 1174 2971 dicam,
1198 2906 1264 2985 pai

239 3015 329 3076 r'e'ns
345 3017 473 3077 noster
494 3003 667 3076 Socrates.
692 3001 776 3096 Quo
785 3010 877 3074 'nos‘
886 3000 1036 3100 quidem
1060 3001 1181 3075 virum
1204 3005 1262 3078 vel

239 3118 430 3191 meliorem
453 3117 509 3190 vel
526 3113 800 3215 prudentiorem
815 3143 895 3191 non
908 3117 1161 3216 cognovimus.

243 3242 252 3269 ¹
288 3234 460 3332 Habetis,
483 3235 531 3304 A·
548 3233 616 3320 H..
637 3249 894 3332 argumentum
913 3233 1134 3321 Phaedonis,
1160 3235 1258 3334 quod

239 3338 386 3448 {suidam
402 3346 727 3425 ita'coarctavimus
743 3366 777 3424 et
793 3350 838 3425 ad
859 3377 1021 3426 summae
1038 3352 1258 3427 brevitatem

237 3450 488 3538 dontrairimus
501 3521 510 3552 ,
524 3481 565 3537 ut
586 3467 855 3540 conclusionum
878 3483 1004 3542 tamen
1021 3469 1114 3542 ratio
1132 3483 1167 3539 et
1185 3495 1259 3542 ma·

236 3568 333 3665 teria
346 3584 545 3680 appareret.
565 3583 765 3670 Memoriae
779 3585 1048 3684 proditum'est:
1065 3584 1257 3660 Platonem

236 3697 350 3809 quum
370 3699 469 3771 hunc
487 3698 618 3775 librum
636 3701 676 3774 in
696 3701 839 3800 publico
857 3698 1045 3775 hominum
1061 3700 1255 3785 doctorum
1303 3720 1306 3731 '

236 3818 416 3910 conventu
441 3817 682 3916 praelegeret,
713 3810 809 3918 quod
832 3817 994 3892 solebant
1017 3817 1137 3890 lacere
1166 3821 1254 3892 An-

233 3929 348 4030 tiqui,
370 3933 578 4034 priusquam
598 3934 728 4007 librum
750 3938 970 4034 vulgarent:
990 3939 1097 4034 igitur
1120 3958 1164 4004 ex
1184 3935 1256 4010 hac

232 4048 419 4124 auditione
439 4053 608 4151 paulatim
636 4053 823 4151 plerosque
843 4054 991 4139 abiisse;
1017 4034 1254 4126 dristotelem

229 4173 268 4243 iet
291 4192 425 4262 paucos
439 4156 538 4243 'alios
561 4167 740 4266 usque-ad
767 4168 877 4251 finem
903 4158 1162 4264 permansisse,
1188 4168 1253 4267 qui
