2632 4994
497 269 502 289 ι
606 345 738 442 (29)

155 499 276 577 omnis
297 494 490 570 hominum
505 480 709 591 ¹cognitioa
728 488 892 574 sensibus
905 497 1065 597 corporis
1081 496 1179 577 oriae
1220 498 1223 506 '
1251 496 1253 501 ’

135 633 237 706 tur,
265 630 303 688 et
327 612 503 701 artifices,
529 612 592 711 qui
618 611 713 684 hanc
739 609 847 686 veluti
867 614 1058 688 materiam
1082 632 1185 694 trac-·

153 747 304 821 tarent,
331 741 480 831 poetae,
497 725 608 827 primi
626 726 763 802 luerint
784 729 978 830 sapientiae
999 735 1181 834 magistri,

152 833 294 926 italieri
308 862 457 924 necesse
467 860 564 934 erat,
579 860 621 919 ut
632 871 756 919 rerum
768 846 1064 948 incorporearum
1077 853 1181 928 ideae

109 962 114 981 '
154 985 204 1041 et¹
218 966 336 1043 verba
352 967 578 1040 ducerentur
596 961 754 1036 a'rebus
775 953 967 1063 corporeis.
986 968 1111 1043 Altera
1129 983 1183 1044 est
1227 1028 1237 1061 ,
1280 1003 1292 1023 ν

153 1113 274 1172 causa,
293 1083 393 1185 quod
419 1084 604 1156 Homerus
617 1097 658 1154 et
673 1081 733 1153 ‘alii
751 1093 881 1179 poetae
904 1085 1094 1183 propiores
1109 1088 1183 1162 lue·

154 1186 245 1277 runt
272 1201 382 1276 aetati
403 1200 567 1297 Orphei,
589 1197 694 1294 euius
714 1197 903 1297 disciplina
920 1198 1053 1299 ubique
1069 1205 1183 1278 veluti

153 1320 281 1393 Deum
297 1332 346 1392 ‘ex
364 1316 536 1389 machina
555 1314 777 1389 adducebat:
791 1341 882 1416 quae
904 1317 998 1417 ratio
1015 1345 1091 1418 quo
1108 1323 1186 1421 plus
1220 1382 1223 1387 .

107 1432 111 1443 '
147 1434 271 1525 ,habet
289 1433 566 1520 admirationis,
593 1448 633 1506 et
656 1459 728 1532 quo
746 1433 859 1532 magis
880 1433 974 1508 valet
999 1434 1046 1508 ad
1071 1434 1210 1512 homi-'

156 1578 253 1626 num
266 1550 412 1624 animos
439 1548 703 1650 percellendos,
722 1575 767 1623 eo
782 1566 834 1624 est
852 1551 1083 1650 conjunctior
1102 1579 1186 1628 cum

157 1666 270 1768 poesi.

204 1784 405 1857 Veniamus
440 1782 486 1858 ad
512 1773 607 1882 ipsos
637 1783 897 1883 philosophos,
930 1811 1087 1885 quorum
1114 1786 1187 1859 cir·
1265 1765 1270 1781 ⁸

157 1903 251 1976 citer
276 1901 403 1976 eadem
425 1914 544 1974 aetate
571 1899 707 2000 duplex
727 1902 863 1976 exstitit
891 1901 1048 1992 familia,
1075 1904 1188 1976 altera

157 2017 315 2104 Ionica,
338 2031 484 2089 auctore
506 2017 683 2098 Thalete3
716 2017 827 2085 altera
849 2017 1001 2103 Italico,
1036 2031 1187 2092 auctore

158 2135 379 2232 Pythagora.
401 2133 457 2204 De
468 2130 609 2228 quibus
622 2141 815 2227 antequam
831 2128 1006 2219 dieamus,
1026 2130 1101 2206 duo
1117 2159 1190 2208 me·
1271 2178 1275 2185 ·

160 2246 329 2322 morandi
340 2260 425 2320 sunt
439 2243 519 2332 viri,
540 2244 601 2344 qui
616 2244 781 2344 proxime
799 2243 897 2318 illam
910 2263 1073 2324 aetatem
1087 2277 1187 2350 prae·

159 2368 344 2438 ‘cesserunt
369 2418 379 2449 ,
407 2360 636 2458 Pherecydes
669 2375 708 2434 et
742 2361 988 2459 Epimenides.
1031 2365 1079 2440 Et
1117 2368 1188 2444 fuit

158 2479 308 2583 quidem
330 2491 477 2576 uterque
498 2476 683 2574 theologus
707 2502 753 2551 ex
778 2479 836 2554 illa
856 2479 938 2553 rudi
951 2482 1100 2581 physica
1119 2489 1186 2561 Or·
1270 2486 1273 2490 ’

146 2595 373 2696 phicorum:
392 2591 455 2666 sed
472 2618 554 2665 eam
566 2592 798 2689 Pherecydes
810 2593 855 2667 ad
874 2595 1096 2671 subtiliorem
1116 2601 1184 2675 dis·

148 2713 331 2812 ciplinam
343 2708 599 2806 rationemque
613 2705 779 2802 redigere
793 2707 930 2780 studuit
948 2736 955 2782 :
972 2735 1126 2810 cumque
1139 2716 1186 2789 ad

158 2833 360 2930 hocusque
386 2843 530 2926 tempus
543 2825 650 2898 unica
664 2822 784 2895 luisset
797 2823 933 2921 poesis,
951 2850 1043 2925 quae
1061 2856 1189 2908 rerum

152 2929 378 3024 memoriam
390 2946 437 3018 ad
453 2945 704 3043 posteritatem
720 2941 988 3018 transmitteret
1005 3005 1015 3033 ‚
1029 2963 1064 3020 et
1075 2976 1189 3025 omne

160 3062 351 3137 doctrinae
370 3074 606 3158 praeceptum
625 3057 1008 3161 versibus‚'tamquam
1022 3067 1187 3158 oraculis,
1247 3077 1249 3081 ’

161 3178 434 3264 enuntiaretur3
459 3175 692 3276 Pherecydes
719 3162 857 3275 primus
884 3183 1052 3258 oratione
1070 3187 1186 3263 soluta
1262 3237 1267 3241 -

161 3325 265 3387 usus,
295 3312 331 3372 et
360 3295 582 3370 subtiliorem
616 3293 925 3396 copiosioremque
955 3304 1189 3401 explicandae

160 3415 374 3495 sententiae.
388 3413 570 3488 rationem
589 3430 735 3488 secutus
761 3429 823 3487 est.
853 3415 971 3515 lgitur
1000 3435 1036 3492 et
1057 3421 1191 3497 librum

161 3539 268 3633 prosa
286 3533 498 3631 conscripsit
512 3531 700 3619 oratione,
722 3547 779 3621 et,
797 3548 838 3605 ut
858 3535 986 3604 Cicero
1012 3535 1076 3621 ait,
1095 3539 1192 3636 quod

160 3651 280 3724 literis
298 3665 436 3736 exstet,
451 3650 594 3743 primus
620 3650 717 3722 dixit
740 3648 882 3720 antinus
907 3645 1090 3724 hominum
1109 3680 1188 3727 esse

156 3766 411 3858 sempiternos.
432 3764 506 3856 Qui
525 3766 626 3837 locus
641 3763 692 3834 ita
718 3773 772 3830 est
789 3759 1041 3859 accipiendus,
1060 3769 1190 3844 Phere-

165 3885 296 3982 cydem
325 3879 483 3980 primum
505 3880 633 3960 luisse,
660 3876 721 3975 qui
742 3875 869 3949 diserte
895 3880 1072 3956 scriberet
1092 3902 1128 3967 et
1152 3888 1190 3960 li·

164 3997 250 4074 teris
272 3997 466 4073 mandaret
483 3995 581 4069 illam
603 3991 823 4068 sententiam
849 3995 893 4067 de
916 3997 1190 4083 immortalitate

170 4115 386 4210 animorum.
416 4113 488 4190 Sed
516 4111 608 4197 liber
626 4109 685 4187 ille
713 4136 797 4191 cum
815 4112 1009 4216 antiquitus
1034 4121 1110 4222 jam
1130 4150 1213 4235 pe„
