2632 4994
684 371 808 481 (¹14¹
823 370 845 465 l

250 518 384 607 monto
410 520 599 604 efficiatur,
624 515 768 613 intelligi
796 542 872 591 non
901 546 1033 618 posse:
1063 545 1269 623 repugnare

250 663 395 741 quoque
411 632 597 713 communi
618 632 886 733 experientiae,
900 622 1166 737 cogitationem
1182 665 1273 715 con·.

232 748 360 839 ‚tineri
382 751 600 838 harmonia,
625 749 760 851 quippe
783 748 823 824 in
843 754 1046 830 multorum
1072 753 1273 831 hominum

247 873 460 971 cogitatione
494 892 574 941 non
602 866 857 972 harmoniam,
891 870 954 943 sed
986 870 1271 1003 discrepantiam

245 988 373 1061 inesse.
403 985 576 1059 Ceterum
597 981 705 1081 hujus
736 960 943 1093 argumenti
973 985 1072 1073 vim,
1099 985 1161 1105 qui
1185 986 1272 1079 Pla-

244 1101 339 1179 tonis
366 1098 520 1200 vestigiis
545 1100 787 1190 institerunt,
821 1115 949 1215 postea
978 1084 1123 1177 uberius
1151 1102 1271 1204 expli·

245 1233 416 1308 currunt,
436 1233 547 1320 atque
564 1217 669 1293 nobis
686 1217 869 1319 egregiam
883 1234 1138 1319 pepererunt
1121 1216 1271 1301 demon·

244 1337 477 1465 strationem,
500 1338 571 1437 qud
588 1333 766 1447 efficitur,
785 1335 1021 1437 cogitandi
986 1362 1063 1411 vrm
1079 1361 1157 1410 non
1169 1354 1272 1434 poma

247 1450 400 1555 existere
426 1448 646 1548 incorpore
678 1475 756 1555 per
767 1438 1002 1528 harmoniam
1024 1478 1088 1528 seu
1114 1474 1271 1528 consen·

246 1569 389 1645 sionem
410 1564 570 1666 partium
599 1567 688 1662 ejus.

293 1682 463 1782 Denique
486 1668 611 1753 ultimo
641 1680 722 1753 loco
753 1679 935 1776 ejusmodi
962 1662 1240 1778 argumentum
1251 1708 1272 1759 a

242 1797 397 1873 Platone
423 1795 652 1898 propositum
678 1811 755 1886 est,
756 1794 882 1896 quod
907 1819 976 1893 ego
999 1797 1150 1896 quidem
1180 1823 1271 1899 pro·‚

242 1913 332 1989 bare
357 1935 440 1986 non
465 1911 623 2011 possim,
652 1927 688 1987 et
715 1909 828 2011 verbo
846 1912 1063 1989 ‚notandum
1090 1911 1272 2007 videatur,

244 2028 338 2130 Ejus
350 2030 443 2105 haec
460 2043 514 2103 est
530 2028 584 2103 vis
599 2029 802 2103 :Essentias
821 2054 949 2128 rerum
966 2054 1042 2105 esse
1059 2044 1268 2133 constantes

245 2164 283 2224 et
316 2145 592 2223 immutabiles:
619 2144 720 2245 atqui
743 2145 859 2220 animi
890 2145 1081 2221 essentiam
1102 2146 1270 2244 positam

244 2288 321 2337 esse
338 2264 378 2334 in
402 2259 615 2357 cogitatione
641 2284 650 2329 :
675 2287 762 2363 ergo
776 2261 858 2338 lieri
885 2290 962 2338 non
989 2288 1115 2364 posse,
1130 2278 1170 2336 ut
1197 2263 1269 2339 ani·

241 2398 324 2449 mus
344 2399 516 2475 umquam
534 2376 787 2473 cogitationem
815 2379 957 2454 amittat
982 2406 991 2451 ε
1015 2380 1135 2482 itaque
1153 2380 1267 2471 effici,

242 2490 409 2565 animum
433 2516 509 2564 esse
535 2489 788 2565 immortalem.
811 2493 974 2581 Haec,‘
963 2522 1137 2595 inquam,
1159 2521 1267 2599 argu·

242 2605 361 2708 menti
384 2603 570 2680 conclusio
587 2603 678 2678 mihi
704 2631 780 2678 non
801 2605 991 2705 probatur
1016 2611 1065 2685 Et
1083 2624 1122 2683 ut
1143 2615 1196 2688 nil
1217 2614 1267 2691 di·

242 2751 324 2800 cam
355 2724 403 2797 de
428 2721 553 2798 aliis
521 2748 601 2821 ejus
619 2720 800 2821 partibus,
829 2747 921 2822 quae
946 2706 1168 2825 reprehendi
1189 2758 1267 2864 pqr·

243 2840 339 2929 sint,
358 2838 465 2913 Plato
496 2836 665 2914 confudit
686 2838 759 2915 hoc
782 2839 864 2915 loco
890 2864 1003 2939 genus
1024 2868 1147 2918 rerum
1173 2849 1267 2925 exis·

223 2948 399 3033 'lentium
418 2980 502 3029 cum
526 2978 660 3053 genere
675 2979 799 3029 rerum
819 2954 1052 3054 possibilium
1073 2960 1189 3049 Nam,
1208 2979 1265 3053 ut,

242 3101 279 3151 r.
302 3101 360 3160 c..
383 3099 472 3160 res,
497 3095 589 3171 quae
616 3086 810 3162 mouetur,
833 3099 913 3161 ‚nun
943 3090 1061 3174 potest
1092 3075 1266 3177 intelligi,

243 3189 314 3283 nisi
339 3189 390 3261 ita
412 3188 424 3272 ,'
440 3203 482 3261 ut
509 3186 631 3263 locum
654 3215 761 3286 suum
780 3206 921 3268 mutet:
937 3192 1033 3267 nulla
1053 3208 1181 3269 tamen
1203 3221 1265 3271 ne·

74 3380 77 3387 ,
145 3390 152 3409 ,
242 3301 385 3377 cessitas
408 3302 493 3377 inde
521 3306 778 3406 consequitur,
803 3324 841 3382 ut
869 3335 929 3383 res
946 3309 1003 3384 illa
1023 3336 1168 3410 semper
1184 3337 1265 3407 rno-

241 3433 397 3507 veatur,
420 3435 486 3494 aut
505 3447 651 3519 semper
667 3427 796 3501 existat
814 3452 821 3497 :
836 3427 887 3502 ita
908 3427 1090 3520 concedo,
1103 3428 1263 3519 animum

242 3562 322 3613 non
335 3560 439 3649 posse
457 3535 608 3637 intelligi
625 3596 634 3627 ,
650 3540 719 3613 nisi
738 3557 779 3616 ut
801 3545 849 3618 sit
861 3570 919 3618 res
935 3544 1120 3643 cogitans;
1139 3538 1260 3649 neque

239 3670 368 3731 tamen
386 3652 550 3761 concedo
564 3653 651 3731 inde
678 3656 796 3759 effici,
820 3650 983 3737 ahimum
1001 3685 1146 3761 semper
1167 3686 1259 3749 esse.

240 3794 447 3872 numquam
460 3797 535 3846 esse
548 3770 723 3853 desinere.
738 3777 809 3851 Sed
820 3777 998 3865 nimirum
1012 3776 1131 3868 Plato,
1148 3804 1261 3879 quum

238 3892 340 3966 ldeas
362 3886 517 3966 existere
539 3905 741 3983 statueret,
773 3895 885 3995 iisque
907 3897 1165 3993 aeterqitatern
1183 3897 1263 3997 'tri-

238 4007 397 4095 bueret,
430 4032 615 4111 quumque
643 4010 785 4087 animos
816 4012 863 4089 ad
889 4013 1056 4089 eamdem
1091 4026 1262 4091 naturam

239 4122 415 4223 retulisset
426 4148 436 4228 ξ
458 4141 812 4228 οοιιιειιιιειιιςιιι,
840 4142 882 4203 ut
902 4140 1096 4231 statueret,
1116 4130 1264 4239 animos
